2850 4625
466 141 892 248 pancratio

154 332 313 438 copiam,
336 357 432 435 quae
448 332 529 411 aliis
547 334 646 411 idern
663 333 855 435 agentibus
871 330 1051 437 defuerit)
1078 333 1139 438 qui
1154 356 1216 417 tot

156 460 283 526 'vetera
296 446 417 525 Taciti
440 445 667 550 exemplaria
690 446 792 522 brevi
808 465 979 553 ternpore
992 456 1116 523 nactus
1138 448 1212 541 sint,

172 582 260 661 quor
272 558 406 635 nemini
420 559 513 662 post
534 556 719 659 Lipsrum,
751 556 814 657 qui
833 558 877 635 ad
894 557 1079 665 edendum
1100 560 1218 641 Taci·.

171 669 457 763 uuuacoefferit‚
491 670 540 747 ad
563 692 691 746 manus
706 666 808 746 suissi
827 668 943 750 sciam.
980 672 1059 747 'Ac
1076 695 1123 745 ne
1138 669 1212 749 fru.

166 783 231 859 flra
246 806 307 857 eae
330 782 460 886 copiae
476 781 572 859 mihi
587 778 754 884 obtigisse
770 779 989 874 viderentur,
1024 782 1125 891 hunc
1146 782 1212 859 rni-

160 894 204 973 hi
218 894 371 971 laborem
387 892 517 996 sumit,
543 916 586 972 ut
602 916 649 970 ea·
660 892 851 995 diligenter
865 919 949 971 cum
964 893 1138 997 exemplo
1155 886 1215 988 eo,

160 1004 265 1107 qlod
279 1008 407 1109 praelis
427 1005 714 1083 accommodare
731 998 955 1108 cogitabant,'
969 1002 1214 1098 conferendo,

160 1118 351 1193 varietates
363 1120 571 1197 lectionum
591 1102 777 1219 ndt'arern,
803 1114 1027 1220 et¹cuiusque
1053 1117 1215 1221 origines

160 1228 375 1331 indagarem,
391 1226 657 1335 efficeremque
675 1226 795 1306 saltem
812 1230 898 1331 hoc,
923 1253 977 1330 ut,
992 1218 1023 1308 fi'
1033 1230 1112 1330 quis
1128 1228 1214 1332 post

161 1364 231 1417 me
245 1340 351 1419 moliri
366 1342 657 1447 splendidiorem
672 1341 869 1421 editionem
878 1340 998 1435 vellet,
1018 1342 1140 1419 labore
1147 1346 1214 1417 e'o.

157 1474 241 1529 rum
255 1452 433 1531 libromm
450 1452 767 1543 conferendorum
782 1450 1007 1557 supersedere
1022 1452 1150 1558 pollet,
1165 1452 1216 1529 sa·

157 1563 275 1666 risque
295 1565 462 1659 baberet,
481 1565 758 1657 consulereeos,
785 1588 943 1667 quorum
958 1562 1105 1642 facultas
1122 1563 1213 1642 mibi

154 1678 256 1755 nulla
270 1674 405 1755 fuisset.
468 1678 575 1786 Que
599 1702 656 1754 res
679 1676 766 1754 mihi
784 1677 901 1754 attulit
915 1676 991 1754 hoc
1013 1674 1214 1777 commodi,
1289 1755 1293 1774 ¹

154 1812 199 1866 ut
211 1788 386 1867 lectionis
405 1790 653 1869 Cornelianae
673 1813 789 1892 prope
803 1786 928 1866 iustam
945 1787 1141 1896 historiam,⁸
1162 1810 1215 1865 at-

154 1922 250 2003 que,
275 1922 320 1978 ut
334 1902 386 1979 ita
401 1896 545 1992 dicatu,
579 1900 839 2003 Genealogiam
853 1921 1000 1976 nectere
1019 1901 1216 2002 potuerim,

156 2012 327 2091 etmulta
335 2012 512 2116 proferre
526 2013 565 2091 in
580 2014 714 2113 lucem,
743 2025 900 2113 quorum
916 2012 973 2089 vel
988 2011 1216 2113 negligentia,

156 2124 217 2203 'vel
231 2125 459 2227 ignorantia,
484 2124 620 2201 Tacito
637 2146 676 2203 et
690 2121 889 2201 editoribus
910 2124 988 2200 eius
1022 2120 1215 2223 saepillirne

161 2236 289 2316 &bric
370 2236 632 2340 Superioribus
653 2234 798 2328 seculis,
833 2236 896 2338 qui
912 2236 958 2313 ad
974 2232 1214 2315 recensendos
1302 2230 1307 2236 ’

165 2371 297 2427 tereres
313 2347 519 2452 scriptores
528 2348 759 2438 accedebant,
784 2347 862 2425 satis
878 2348 1069 2437 habebant,
1094 2347 1217 2426 Codi·
1329 2353 1338 2360 '

172 2483 224 2537 ces
236 2459 397 2565 scriptos
414 2481 456 2537 et
474 2461 590 2537 editos
606 2457 793 2537 consulere
813 2461 849 2536 in
865 2460 953 2536 locis
968 2459 1021 2548 iis,
1053 2461 1115 2538 ubi
1130 2461 1224 2564 haee-j
1249 2491 1252 2495 ·

173 2593 291 2670 terent,
319 2595 361 2650 et
378 2566 604 2649 difficultatis
620 2570 754 2674 aliquid
776 2573 963 2649 obiectum
982 2567 1078 2650 esser.
1146 2575 1225 2660 ltae'
1267 2571 1270 2576 ’

173 2709 235 2786 que
246 2707 397 2762 tantum
412 2705 586 2786 excerpta
606 2677 780 2761 libroruin
804 2684 849 2761 ad
864 2707 905 2759 ea
927 2680 1006 2760 loca
1031 2679 1216 2784 petebant,

171 2817 239 2872 oon
263 2792 477 2875 universam
506 2795 675 2884 lectionis
698 2796 915 2894 varietatem.
995 2795 1043 2870 Ea
1059 2816 1098 2868 re
1114 2817 1217 2870 corn-

172 2907 350 3004 miserunt‚
386 2933 472 2985 non
499 2905 617 2984 modo
642 2929 686 2985 ut
710 2907 821 2984 iidem
838 2905 918 2984 libri
938 2902 1148 2982 consulendi
1166 2898 1237 2980 es-‘

174 3017 239 3098 lent
253 3024 306 3123 iis,
334 3021 404 3122 qui
413 3017 506 3126 post
515 3041 581 3094 eos
590 3015 635 3095 ad
648 3010 890 3096 recensendos
904 3015 1051 3093 eosdem
1066 3015 1219 3118 scripto·
1269 3019 1274 3026 '

176 3155 220 3207 res
233 3134 466 3225 accederent,
489 3127 634 3206 fiforte
650 3130 686 3206 in
703 3130 775 3207 aliis
791 3131 882 3207 locis
898 3129 974 3205 vitii
992 3127 1132 3228 aliquid
1141 3126 1221 3204 sub-

177 3241 414 3350 odoraremur,
456 3240 530 3322 sed
551 3237 665 3318 multa
683 3243 789 3317 etiam
807 3243 938 3318 intacta
961 3237 1023 3342 ipsi
1042 3239 1221 3342 relinque·
1244 3263 1247 3267 ·

175 3377 244 3454 reor,
265 3388 355 3465 quae
374 3352 587 3440 exiisdem
606 3350 698 3450 libris
714 3373 885 3455 poterant
900 3351 1092 3430 emendari.
1155 3353 1221 3429 Et·

174 3473 239 3554 urm
253 3467 518 3558 nemo'facile
536 3459 597 3537 est
614 3461 659 3538 ita
674 3464 842 3564 lynceus,
867 3464 919 3540 'ut
948 3466 1069 3539 omnia
1093 3463 1222 3540 lectio·

155 3589 364 3676 ninivitae
395 3582 509 3666 vitia
535 3571 606 3650 sua
624 3569 746 3674 sponte
764 3575 905 3667 videat,
942 3599 1013 3651 nec
1037 3575 1220 3653 interdurn

137 3735 189 3824 pm
198 3662 519 3822 [egl-sprobet,
556 3703 652 3780 quae
669 3687 787 3766 vitiosa
803 3685 904 3778 sunt,
931 3710 991 3762 aut
1005 3689 1106 3765 velut
1119 3687 1225 3790 plana
1248 3708 1254 3718 ·

131 3864 162 3921 ,c
174 3832 384 3949 perspicua
430 3787 650 3898 transeat,
705 3787 889 3903 inquibus
915 3795 1066 3915 aliil'aut
1096 3817 1223 3900 parum
1318 3857 1333 3904 4¹

694 3931 757 4014 η
1162 3925 1227 3982 aut
