2850 4625
328 226 376 293 310
474 214 477 219 ¹
545 206 612 273 e.
647 181 907 281 conuenit
941 162 1136 273 'taetra

253 342 365 437 nugi
392 344 565 438 4¹impune
590 317 813 426 traherentur}
840 347 1010 500 propriam
1037 362 1166 413 manum
1197 343 1322 413 Blaesus

252 432 417 554 {foslius
432 437 542 505 duxit:
565 436 689 515 medio,
715 458 790 501 curn
805 434 847 501 de
859 455 958 512 ecus,
980 431 1101 501 castella
1118 452 1152 500 et
1165 436 1325 502 munitio-

266 566 310 610 ²2.

333 548 389 595 nes
412 526 539 597 idoneis
562 525 644 593 locis
667 524 849 615 imponens,
874 523 943 591 dux
966 520 1045 614 ipse,
1068 543 1134 590 arta
1150 542 1184 589 et
1203 521 1328 592 infensa
1372 522 1374 531 '

331 612 477 684 hostibus
502 634 617 683 cuncta
638 610 781 689 fecerat,
817 612 912 703 quia,
951 634 1090 716 quoquo
1112 612 1329 694 inclinarent,

330 727 407 797 pars
424 704 529 795 aliqua
541 702 651 771 militis
666 702 805 769 Romani
819 702 853 768 in
869 724 939 783 ore,
959 724 995 769 tn
1008 700 1127 778 latere,
1147 720 1182 768 et
1197 699 1329 793 saepea

257 858 259 871 ,
329 814 427 884 tergo
442 812 529 861 erat:
561 791 720 881 multique
732 813 775 857 eo
793 792 896 859 modo
911 788 1002 870 caefi,
1025 808 1079 869 aut
1094 790 1330 861 circumventi.

277 1948 283 1957 “
331 1940 663 2017 ⁶conclamabantur:
690 1968 848 2037 erantque
869 1971 891 2038 p

230 952 235 965 ,
306 921 310 931 ⁴
333 884 433 951 Tunc
447 881 646 983 tripartitum
663 880 970 982 exercitumplures
980 881 1014 945 in
1030 897 1141 945 manus
1156 877 1333 971 dispergit,

329 991 573 1065 praeponitque
595 969 804 1037 centuriones
826 970 957 1037 vntutls
988 988 1161 1057 expertae:
1191 991 1266 1049 nec,
1290 993 1333 1040 ut

331 1076 404 1128 mos
419 1056 546 1138 fuerat,
575 1077 644 1125 acta
661 1054 778 1125 aestate
794 1056 931 1125 retrahit
944 1057 1076 1149 copias,
1096 1076 1151 1124 aut
1166 1057 1199 1123 in
1212 1057 1334 1126 hiber-

331 1149 453 1217 naculis
472 1148 592 1215 veteris
613 1147 808 1237 provinciae
822 1149 1013 1237 componit:
1038 1143 1092 1213 sed
1108 1166 1146 1213 ut
1162 1147 1195 1212 in
1212 1146 1333 1217 limine

330 1237 420 1317 belli,
444 1234 499 1304 dis
517 1233 603 1303 ostris
618 1232 761 1315 castellis,
782 1258 844 1326 per
859 1236 1046 1326 expeditos,
1067 1253 1101 1302 et
1113 1232 1334 1305 solitudinum

354 1348 460 1405 natos,
513 1344 690 1417 mutantem
712 1324 848 1413 mapalia
868 1322 1112 1391 Tacfarinatem
1129 1326 1332 1414 proturbat:

329 1348 458 1496 donec,
487 1410 588 1483 fratre
602 1415 669 1481 eius
684 1430 801 1505 capto,
832 1412 987 1503 regressus
1004 1411 1067 1491 esi,
1094 1418 1335 1515 properantius

328 1524 449 1583 tamen,
474 1526 570 1594 quam
585 1525 627 1571 ex
642 1502 782 1570 utilitate
795 1498 977 1581 sociorum;
1000 1501 1138 1580 relicus,
1160 1525 1221 1593 per
1239 1528 1335 1593 quos

328 1590 512 1683 resurgeret
524 1590 654 1661 bellum.
714 1592 781 1659 Sed
795 1592 949 1660 Tiberius
966 1614 1029 1683 pro
1054 1589 1209 1659 confecto
1224 1593 1337 1663 inter-

329 1701 497 1774 pretatur,
520 1681 556 1749 id
570 1702 708 1771 quoque
722 1678 831 1750 Blaeso
846 1680 978 1762 tribuit,
1007 1700 1045 1747 ut
1060 1682 1108 1747 Im
1128 1696 1267 1751 cratera
1284 1685 1337 1753 le-

354 1771 484 1852 'onibus
508 1766 715 1849 salutaretur;
743 1767 852 1861 priseo
877 1793 951 1861 erga
974 1770 1074 1838 autes
1096 1698 1248 1851 sonore,
1269 1776 1337 1866 qui

355 1882 416 1927 ene
437 1856 522 1950 gesta
540 1860 623 1950 Rep.
647 1860 767 1949 gaudio
789 1879 824 1926 et
847 1858 892 1925 im
919 1878 974 1927 etu
994 1859 1133 1926 victoris
1159 1864 1335 1937 exercitus

893 1881 977 2017 iirres
992 1944 1082 2015 simul
1098 1950 1146 2015 lan
1172 1970 1339 2034 emtores,

332 2061 396 2107 nec
420 2034 516 2128 super
540 2057 727 2103 ceterorum
748 2036 984 2127 aequalitatem.
1014 1968 1170 2105 concessi
1192 2040 1339 2129 quibua-

337 2128 413 2195 dam
436 2144 469 2193 et
489 2122 652 2216 Augustus
673 2127 708 2193 id
729 2126 946 2224 vocabulum3
982 2147 1020 2195 ac
1039 2144 1119 2194 tunc
1141 2126 1153 2164 ⁷
1170 2128 1339 2199 Tiberius

1218 2218 1338 2289 Blaeso

335 2421 337 2430 .
368 2391 385 2444 4
408 2379 503 2446 Impmre
521 2380 693 2439 arthemam]
718 2380 816 2444 Diripe·
848 2395 941 2432 mento.
986 2382 1054 2431 Olim
1066 2395 1092 2430 et
1106 2381 1182 2432 libera
1193 2397 1246 2450 rep.
1260 2388 1344 2438 multi

334 2463 435 2505 rentur,
467 2463 623 2504 vexarentur.
653 2451 816 2512 perderentur.
849 2451 927 2512 impp.
948 2448 1024 2505 dieti,
1043 2465 1070 2500 ut
1087 2448 1189 2514 quisque
1204 2467 1261 2500 rem
1285 2453 1343 2505 suis

335 2519 410 2579 Supra
422 2531 443 2563 r.
457 2531 499 2578 54.
517 2516 572 2564 hoec
586 2531 640 2562 cura
658 2515 735 2579 eariffir
746 2526 816 2577 remp.
848 2514 958 2579 auspiciis
977 2517 1039 2566 bene
1055 2515 1155 2579 gelliffet.
1188 2517 1345 2582 ·Displieuit

329 2581 441 2652 finditur
454 2581 541 2640 trabea,
556 2581 572 2630 i.
586 2597 608 2630 e.
621 2586 711 2645 perdet,
717 2598 817 2632 evertet.
849 2583 966 2645 Augusto,
984 2600 1009 2632 et
1020 2599 1047 2634 ut
1066 2585 1173 2648 reliquos
1183 2585 1299 2637 bouem
1315 2591 1345 2638 in

370 2648 537 2712 §Merentem
554 2651 679 2712 mapalia]
705 2651 722 2698 i.
739 2665 762 2698 e.
780 2667 817 2700 ea·
850 2650 883 2705 se,
898 2649 926 2698 lic
942 2666 967 2699 et
980 2650 1028 2700 hoc
1042 2667 1132 2700 nornen
1146 2654 1227 2702 caria.
1263 2659 1346 2720 quod

335 2716 397 2773 ssra,
430 2733 494 2781 qnae
519 2717 616 2780 mapalia
637 2733 682 2780 pro
704 2713 818 2766 tentoriis
850 2717 1151 2834 eommunirananiposlea
1166 2735 1221 2768 cum
1241 2726 1348 2785 paneis.

337 2783 466 2834 habebant.
491 2786 652 2847 aaa.1V.25.
672 2779 751 2848 pastris
770 2799 820 2832 ma.
852 2801 877 2834 et
899 2785 948 2832 sere
965 2801 1016 2833 non
1036 2803 1052 2833 n
1092 2790 1346 2852 exgenenuguna

289 2853 290 2858 ’
335 2851 613 2920 palibesconsealffletc.
651 2851 760 2914 Mapalr'a
781 2853 820 2900 illa
851 2853 965 2902 Tiberine
979 2853 1109 2902 tarnenltie
1127 2853 1232 2904 Blaesum
1253 2859 1349 2926 impe-

338 2919 421 2983 qualia
433 2920 532 2975 fuerint,
545 2919 619 2968 discas
632 2935 645 2966 e
660 2920 729 2968 Livio
742 2919 820 2973 xxx,
852 2915 939 2969 tatoris
955 2920 1052 2969 nomine
1071 2919 1179 2982 insignit:
1200 2939 1316 2989 umque
1332 2945 1350 2980 e

256 2998 260 3007 ‘
337 2997 362 3056 3.
372 2986 416 3050 qui
429 2987 504 3036 etiam
516 3002 536 3034 e.
550 3000 573 3048 5.
588 2984 654 3046 cesar
665 3001 745 3040 votat.
760 2987 821 3034 adde
853 2986 951 3051 privatis
964 2986 1117 3050 postremum.
1136 2988 1160 3036 id
1173 2988 1214 3046 est,
1228 2996 1351 3057 etpost.

338 3054 409 3102 (ἔστι.
424 3055 454 3102 ad
467 3053 523 3102 Sall.
538 3051 590 3113 lug.
602 3060 678 3108 c.118.
855 3055 909 3102 inde
923 3053 968 3101 soli
975 3053 1091 3117 Principes
1105 3070 1136 3102 eo
1148 3055 1219 3106 titulo
1232 3056 1284 3109 lint
1298 3063 1353 3121 usa,

373 3120 388 3177 6
411 3119 651 3178 (inclamantem
674 3117 823 3182 appellaban·
854 3120 943 3169 nemini
964 3121 1024 3170 ultra
1050 3120 1156 3170 concedo
1173 3121 1352 3180 subditorum.

337 3193 386 3245 tarra
398 3202 449 3250 quo
463 3185 536 3236 verbo
544 3185 629 3234 Cicero
642 3187 672 3234 de
686 3187 729 3232 hac
739 3201 764 3232 ae
774 3186 822 3234 uti·
856 3186 974 3235 Velleiua:
1001 3189 1081 3236 Irmius
1099 3188 1193 3250 Blaesis
1214 3199 1355 3258 praeusta

341 3267 383 3302 tur
406 3251 447 3318 Ep.
457 3253 485 3302 ad
496 3252 593 3311 Div.ll,
611 3264 647 3300 ro.
667 3251 705 3300 sed
719 3254 823 3301 elamore
855 3256 879 3302 ἔνι
896 3251 996 3315 Africa,
1019 3270 1153 3304 ornamenta
1170 3257 1356 3324 niunpbala'a,

339 3319 479 3369 exercitur:
507 3319 570 3368 unde
589 3317 726 3374 conclamari
744 3319 822 3368 noller
855 3336 903 3369 curn
918 3321 1231 3385 appellatienaelmpernrm'a
1241 3336 1354 3382 meruit.

340 3385 413 3442 dixit.
464 3385 546 3438 Simile
564 3383 597 3435 etl
614 3383 673 3434 illud
694 3384 822 3436 Ciceronis
853 3389 940 3451 Neque
952 3389 1025 3437 eriam
1038 3389 1162 3451 indignum
1175 3407 1251 3450 nora,
1268 3401 1355 3460 qood

336 3453 400 3506 Phil.
414 3455 458 3508 Vl,
472 3467 493 3504 ι.
513 3465 563 3500 cun
581 3465 622 3499 ves
640 3447 741 3510 umunſs
758 3480 768 3490 -
781 3481 791 3490 ·
805 3470 822 3502 a
854 3455 1037 3506 observamusio
1049 3459 1185 3508 numiniret
1198 3459 1357 3528 inscriptio·

338 3536 375 3569 ure
401 3517 557 3582 confir-aaran
592 3516 633 3582 effi·
662 3521 822 3581 rempublicam
853 3522 940 3578 nibus,
973 3526 1125 3588 Imperatoris
1153 3527 1255 3579 titulum
1281 3550 1355 3584 cum

304 3632 308 3643 ,
338 3585 501 3646 cenchrensis.
566 3587 664 3638 Poterat
685 3588 767 3636 dicere
785 3604 821 3641 me
854 3589 1159 3655 Principisempraeponh
1183 3612 1243 3646 tum
1255 3599 1357 3652 victo.

336 3653 519 3713 :restauratorem
531 3656 587 3718 reip.
600 3652 763 3714 toarchmnstit.
854 3658 893 3712 ria,
905 3657 1014 3720 subiungi
1026 3658 1072 3707 ltoc
1083 3662 1169 3710 morlo·
1205 3662 1268 3726 lap.
1283 3668 1358 3718 Cae·

371 3733 387 3782 7
407 3721 511 3771 Tiberias
524 3719 629 3783 alen]
648 3721 773 3783 Distinguo
785 3723 823 3770 lo·
848 3725 896 3786 siat
905 3722 1023 3784 Augustas,
1035 3741 1080 3774 ete.
1092 3729 1263 3780 eontralnna'ns
1268 3735 1361 3784 Blae.

339 3801 411 3846 eum,
429 3789 510 3851 Blaeso
520 3787 660 3852 postremum.
701 3791 824 3839 Obiereeo
850 3793 892 3854 sias
914 3793 974 3855 Imp.
992 3793 1031 3843 M.
1065 3793 1147 3842 Trallius
1173 3795 1253 3848 uem
1279 3801 1363 3869 Inep,

291 3897 297 3906 .
338 3869 408 3912 mn
426 3871 477 3905 aon
504 3857 554 3906 levi
571 3857 601 3909 ad
625 3855 751 3910 aaronem
768 3873 824 3909 mo·
855 3861 1019 3928 Qoderiam
1036 3861 1256 3920 eSuetoniilolio
1271 3873 1364 3922 colli·
