2850 4625
488 240 899 328 PRAEFATIO

169 404 521 511 torrlaosopinione3
536 406 1034 515 Jquamsaepefalleressciont
1047 411 1167 517 periti,
1180 436 1222 493 et
1256 464 1260 470 ·

169 518 358 597 inTacito
373 542 525 623 quoque
541 520 676 611 fallere,
702 518 796 600 infra
815 520 1018 601 docebitur.
1050 524 1220 606 Sedillud
1375 531 1380 544 '

131 687 134 702 .
163 630 578 735 ipsun,{quodmaxime
593 632 846 713 ineditionom
860 632 1007 711 historia
1020 634 1218 719 videndum

81 813 85 821 .
167 742 236 841 est,
251 766 365 821 nemo
372 743 520 837 docere,
537 744 601 825 nifi
615 746 645 823 ia
661 746 795 850 potest,
820 745 886 849 qui
900 748 1151 847 comparandis
1159 750 1217 827 in-

164 850 270 934 terso
286 854 402 956 libn‘a,
419 852 692 959 indagandaque
706 856 874 937 lectionis
887 854 1064 959 cuiusque
1078 856 1218 959 origine

164 966 337 1068 (quodsi
349 963 488 1043 neoeffe
503 968 565 1063 est,
591 966 813 1047 fidelecnrm
823 970 999 1049 bonarum
1015 966 1220 1048 lectionum

163 1102 270 1157 reete
278 1076 398 1155 lacere
404 1074 512 1187 velit)
527 1080 638 1181 qualis
647 1104 820 1183 quaeque
826 1076 941 1161 editio
956 1076 1009 1181 sat,
1024 1078 1217 1185 cognovit.

252 1187 497 1289 Antiquillinri
525 1190 647 1272 Taciti
679 1190 842 1272 Codices
869 1190 991 1297 scripti
1013 1191 1095 1273 sunt
1135 1188 1218 1279 Flo-

163 1304 312 1385 rentim‘
344 1294 428 1385 duos
489 1310 645 1406 quorum
684 1302 773 1382 alter
812 1305 944 1385 Libros
983 1304 1126 1409 priores
1154 1302 1218 1383 sex

164 1414 242 1517 (ut
263 1436 410 1491 auctore
432 1412 553 1519 lipfio
574 1419 804 1497 numeramus
826 1414 954 1497 hodie:
1008 1416 1098 1495 olim
1106 1402 1246 1519 quin-⁰

162 1548 241 1627 que
264 1524 570 1627 numerabantur)
607 1527 806 1607 Annalium
827 1527 1016 1621 continet,
1053 1527 1143 1607 alter
1155 1552 1215 1608 re-

161 1634 285 1738 liquoa
302 1658 341 1715 et
364 1638 560 1717 Annalium
579 1660 631 1719 et
654 1638 914 1731 Historiarum,
945 1660 987 1719 ut
1008 1638 1121 1717 hodie
1147 1640 1215 1716 voss

160 1770 304 1828 cattum
366 1749 428 1829 Ille
455 1750 583 1829 unicus
605 1750 678 1853 est,
712 1775 784 1828 nec
805 1750 914 1829 alium
938 1748 1110 1853 scriptum
1131 1750 1212 1829 illo·

159 1884 245 1937 rum
261 1859 435 1939 librorum
453 1860 636 1941 Codicum
650 1862 832 1963 reliquum
846 1862 1030 1941 iubemus.
1111 1866 1212 1942 Narn
1266 1945 1272 1957 ,

159 1971 254 2049 liber
269 1972 422 2053 locandi
436 1971 670 2073 Veronenfis,
685 1972 749 2077 qui
759 1974 934 2067 laudatur,
960 1974 1212 2077 apographum

150 2082 256 2167 illius
277 2084 351 2186 eu,
387 2106 496 2186 atque
519 2085 577 2165 ille
593 2082 687 2191 ipse,¹
706 2110 819 2191 quem
835 2081 938 2192 saepe
958 2082 1109 2162 Vrsmus
1132 2084 1209 2165 lau·

159 2194 234 2275 dat.
260 2218 297 2275 v.
314 2198 488 2277 Gronov.
504 2196 547 2277 ad
563 2199 613 2281 A.
628 2198 760 2295 1v‚3a.
811 2196 922 2277 Vnde
939 2221 1019 2277 noo
1042 2218 1142 2275 recte
1155 2196 1209 2278 fa·
1375 2272 1380 2279 .

158 2306 285 2412 ciunt,
317 2308 383 2412 qui
399 2307 562 2392 omnium
580 2310 683 2394 MSS.
718 2305 932 2388 consensum
953 2308 993 2386 in
1015 2308 1087 2386 illis
1110 2308 1209 2387 libris

158 2441 470 2517 commemorant,
501 2419 607 2525 quod
620 2419 813 2522 aliquoties
827 2421 977 2498 memini
993 2445 1052 2498 me
1068 2421 1206 2524 reperi-
1323 2484 1328 2489 .

158 2553 211 2608 re.
265 2527 403 2611 Codex
417 2531 475 2610 ille
490 2531 675 2644 quondam
691 2531 762 2610 fuit
775 2531 985 2613 Monasterii
999 2533 1206 2612 Corbaien·

159 2639 257 2722 fisin
281 2637 467 2748 Vestfalia,
511 2663 676 2746 repertus
700 2644 746 2720 ab
765 2644 913 2748 Angelo
935 2643 1206 2734 Arcomboldo,

158 2754 359 2862 Questore
377 2755 514 2836 Leonis
529 2757 576 2836 X.
590 2752 779 2836 pontificis·
792 2755 968 2854 Romani,
999 2777 1039 2832 er
1054 2753 1204 2832 adLeo·

157 2891 245 2945 nem
261 2864 411 2961 delatus,
437 2865 500 2968 qui
516 2891 613 2958 eum,
629 2867 838 2970 quingentis
858 2865 974 2965 aureis
990 2865 1109 2944 numis
1125 2890 1203 2942 ern·
1289 2883 1293 2898 ·

156 2969 258 3079 tum,
282 2974 529 3072 Bibliothecae
539 2977 769 3060 Florentinae
784 2977 916 3058 intulit.
937 3078 940 3084 Ι
990 2982 1045 3058 Ex
1061 3002 1108 3054 eo
1123 2973 1201 3054 edi

155 3087 211 3168 nit
224 3088 294 3168 hos
309 3089 420 3168 libros
438 3089 575 3193 primun
589 3089 681 3170 l’lail.
692 3089 909 3183 Beroaldus,
935 3112 979 3166 ut
994 3089 1078 3194 post
1100 3087 1204 3166 vide-

155 3200 286 3292 bimus.
322 3199 413 3280 ,Sao
427 3201 511 3306 poll
523 3202 723 3280 accuratius
737 3199 976 3291 extollerent
993 3225 1081 3279 cum
1096 3198 1203 3278 editis

156 3311 345 3390 contulere
376 3311 525 3392 Curtius
548 3311 705 3409 Picltena
731 3335 769 3392 tt
791 3315 862 3392 lac.
877 3311 1118 3405 Gronovius,
1148 3313 1203 3388 vir

157 3424 196 3503 in
219 3423 321 3502 MSS·
343 3421 441 3500 libris
460 3423 567 3525 antus
589 3423 805 3507 admodum:
839 3447 997 3526 quorum
1019 3420 1203 3525 diligentia

156 3555 233 3612 non
250 3557 375 3638 mum
393 3533 529 3612 Tacito
549 3521 700 3638 proluit
756 3539 870 3616 Hunc
890 3533 1074 3614 Codicem
1097 3557 1202 3612 vetu-

155 3641 337 3724 stiffimum
352 3643 422 3723 effe
439 3647 590 3725 constat.
652 3649 828 3725 Ceterum
855 3647 994 3738 mitor,‘
1011 3629 1199 3722 viros⁸do·

155 3778 250 3857 ctos,
263 3757 425 3858 quitum
442 3779 651 3857 mactarunt,
675 3759 905 3846 Beroalduo,
919 3759 1128 3856 Piclrcnam,
1142 3755 1199 3832 ni·

21 3936 26 3944 .
154 3867 204 3948 hil
219 3867 370 3974 anplius
383 3867 430 3948 de
446 3893 497 3946 eo
512 3867 653 3968 duum,
690 3897 775 3949 cum
796 3871 844 3948 de
866 3870 1009 3989 alterius
1030 3891 1145 4055 aetatse
1159 3889 1199 3993 et

658 4009 678 4066 a
705 4009 734 4085 4
1127 4003 1197 4055 crr-
