2850 4625
442 77 467 147 χ
1033 131 1036 136 Α

341 138 859 277 annuntiaturum,
972 254 975 262 .
1028 211 1084 288 843

114 365 188 433 curn
211 361 328 412 exorta
349 338 506 432 suspicio,
543 342 695 432 quianon
718 339 930 426 congruentia
951 335 1161 430 respon-AN·

114 436 243 503 derant:
266 432 434 523 inditaque
449 429 567 498 vincla.
610 431 651 495 Et
664 445 905 506 tormentorum
921 427 1086 518 aspectum
1095 423 1158 533 ξιξ

114 523 343 594 acminasnon
358 520 474 588 tulero
519 518 728 586 Priortamen
742 515 874 595 Natalis,
895 521 1085 588 totiuscon·
1108 513 1163 605 66]

115 608 284 680 iurationis
305 611 404 700 magis
427 630 564 698 gnarus,
584 604 674 672 fimat
695 603 850 691 arguendi
866 607 1023 695 peritior,
1045 609 1086 678 Aa

115 698 224 791 Pisone
236 699 377 790 primum
390 696 521 767 fatetur.
546 695 666 764 deinde
680 693 792 762 adiicit
812 701 972 762 Annaeum
992 699 1089 766 Sene·
1129 719 1137 742 ⁸

115 811 195 865 cam,
213 786 280 855 five
294 787 510 854 internuntius
524 785 610 850 inter
622 799 696 850 eum
705 781 852 850 Pisonem
878 806 920 850 ue
934 782 1088 864 fuit,.five

116 899 154 946 ut
173 875 316 944 Neronis
340 875 474 965 gratiam
495 893 639 963 pararet,
682 872 740 961 qui
771 805 910 940 infenius
924 875 1086 966 ¹Senecae,

116 987 232 1034 omnes
242 968 365 1032 adeum
374 963 630 1065 opprimendum
646 981 728 1027 artes
738 961 965 1050 conquirebat.
990 965 1089 1046 Turn,

116 1055 255 1142 cognito
262 1051 385 1122 Natalis
402 1052 537 1129 indicio,
561 1051 718 1118 Scevinus
735 1071 881 1140 quoque,
901 1051 971 1141 pati
985 1052 1089 1122 imbe-

117 1141 270 1220 cillitate,
294 1164 332 1211 an
349 1159 467 1208 cuncta
479 1142 543 1208 iant
557 1136 717 1229 patefacta
734 1139 887 1218 credens,
910 1163 971 1208 nec
986 1140 1088 1210 ullum

115 1230 232 1300 silentii
248 1227 522 1305 emolumentum,
546 1229 652 1305 edidit
665 1247 805 1294 ceteros.
833 1251 875 1296 ex
892 1229 1008 1318 quibus
1026 1233 1092 1298 Luss

116 1343 228 1398 canus,
250 1317 542 1411 Quinctianusque,
564 1337 598 1384 et
605 1317 742 1384 Senecio
759 1316 815 1383 diu
831 1313 989 1384 abnuere.'
1006 1317 1092 1400 Post,

116 1407 272 1501 promissa
285 1407 478 1499 impunitate
494 1407 656 1497 corrupti,
676 1427 745 1493 quo
760 1405 947 1486 tarditatem
959 1407 1094 1476 excusa-

117 1517 205 1576 rent,
228 1499 377 1564 Lucanus
391 1496 519 1564 Aridum
533 1511 668 1562 matrem
677 1490 780 1584 fitam,
804 1496 1096 1588 QuinctianusGlu

117 1592 204 1654 cium
221 1584 360 1664 Gadium,
393 1586 532 1652 Senecio
547 1587 685 1662 Annium
706 1582 891 1661 toutonem,
914 1573 1094 1654 anticorum
1191 1585 1195 1598 '

117 1675 330 1767 praecipuos,
353 1674 575 1740 nominavere.
644 1673 756 1758 Atque
777 1671 906 1738 interim
929 1673 1022 1740 Nero
1043 1697 1094 1743 re·
1111 1687 1149 1757 57

111 1764 297 1842 cordatus,
325 1757 453 1829 Volufii
469 1759 600 1828 Proculi
621 1759 746 1826 indicio
768 1759 941 1848 Epicharin
957 1762 1096 1844 attineri,

116 1874 279 1942 ratusque
291 1847 452 1919 muliebre
466 1869 587 1938 corpus
603 1849 708 1936 impar
726 1845 853 1926 dolori,
876 1857 1036 1917 tormentis
1050 1852 1097 1920 Αἰ-

112 1941 260 2010 laccrari
275 1939 377 2005 iubet.
422 1935 567 2005 Atilium
582 1959 648 2004 non
663 1935 811 2014 verbera,
833 1958 900 2002 non
916 1938 1015 2026 ignes,
1032 1964 1098 2012 non

117 2031 172 2100 ira
187 2052 230 2096 eo
248 2028 353 2093 acrius
368 2026 613 2116 torquentium,
636 2045 678 2090 ne
692 2047 710 2090 a
726 2021 844 2092 femina
858 2021 1097 2114 spernerentur,

116 2116 309 2210 pervicere,
332 2115 550 2204 quinobiecta
566 2114 751 2200 denegaret.
798 2115 851 2180 Sic
867 2116 989 2202 primus
1000 2140 1099 2207 quae·
1189 2126 1191 2134 ’

122 2204 242 2275 stionis
257 2204 325 2271 dies
335 2225 552 2294 contemptus.
598 2201 731 2270 Postero
741 2225 815 2268 cum
831 2205 871 2270 ad
881 2206 1014 2273 eosdem
1025 2231 1100 2275 cru-

56 2372 60 2379 ,
121 2295 230 2369 ciatus
243 2291 462 2363 retraheretur
491 2291 497 2318 ¹
515 2289 688 2382 gestamine
703 2288 805 2370 sellae,
834 2297 845 2373 (
855 2316 927 2361 narn
945 2294 1101 2365 ‹liliolutis

119 2384 281 2455 membris
297 2371 436 2449 insistere
452 2382 623 2472 nequibat)
646 2380 758 2448 vinclo
774 2378 907 2459 fasciae,
930 2406 1026 2472 qttam
1041 2408 1100 2473 pe-
1188 2398 1192 2409 ’
1221 2374 1227 2385 ’

120 2474 216 2543 ctori
230 2472 425 2550 detraxerat,
450 2472 482 2537 in
496 2470 632 2538 modum
645 2470 753 2560 laquei
769 2470 809 2535 ad
826 2492 934 2535 arcum
951 2468 1101 2541 itiitere·

118 2562 253 2639 stricto,
273 2560 393 2629 indidit
407 2561 584 2639 cervicem,
606 2578 640 2625 et
654 2558 806 2647 corporis
822 2548 972 2649 pondere
986 2564 1102 2629 conni-

120 2651 171 2729 sa,
194 2669 326 2718 tenuem
341 2650 404 2713 iam
418 2648 565 2737 spiritum
590 2642 760 2737 expresiit:
792 2646 930 2717 clariore
944 2652 1100 2742 exemplo

120 2739 278 2809 libertina
291 2734 417 2815 mulier,
439 2738 472 2802 in
488 2757 575 2803 tanta
591 2732 786 2815 necessitate,
811 2734 945 2817 alienos,
969 2763 1005 2805 nc
1020 2750 1101 2829 pro'·

119 2852 174 2923 pe
195 2828 345 2915 ignotos,
375 2824 605 2914 protegendo,
635 2848 709 2892 cunr
734 2826 885 2917 ingenui,
915 2830 1044 2909 etvini,
1068 2850 1102 2898 et

121 2914 437 3011 equites'Romani,
469 2912 746 3005 ²senatoresque,
777 2916 889 2983 intacti
919 2920 1102 3071 topatenqis,
1195 2907 1203 2917 ’

230 3045 235 3053 ·
523 3026 528 3037 ·
985 3008 1060 3073 catii
1088 3047 1103 3059 -

89 3213 93 3219 .
168 3148 424 3212 1Gesiaminejeilae]
447 3148 535 3199 Eadem
553 3147 602 3198 sae-
637 3150 704 3200 fonte
732 3152 841 3214 vulgatus
871 3170 948 3211 error,
962 3144 1002 3202 'r'n
1020 3155 1103 3208 tamir.

120 3221 195 3273 vitia
208 3221 241 3267 cst
254 3232 325 3279 quam
337 3217 411 3277 tangit
425 3217 566 3265 Ammianus
575 3217 604 3264 ii-
635 3218 684 3268 Res
696 3222 765 3267 tiara.
800 3218 885 3283 insigni
899 3223 984 3277 lande,
1005 3222 1038 3271 air
1046 3255 1054 3279 ,
1068 3223 1104 3270 di-

120 3294 176 3342 βω
190 3299 229 3346 29,
261 3284 387 3343 Promisere
403 3286 493 3332 iuvenes
511 3284 604 3342 aliique,
637 3286 722 3347 gnandi
737 3286 845 3335 libertina
860 3290 961 3345 mulier,
986 3304 1048 3353 quac
1067 3304 1105 3337 to·
1189 3334 1196 3345 ,

120 3354 241 3408 „imbris
255 3354 355 3399 omnibns
374 3353 452 3411 rapti,
472 3355 506 3400 ad
515 3350 605 3412 suppti-
639 3352 684 3402 ries
702 3352 773 3416 pretia
792 3354 922 3404 constanter
942 3354 1045 3405 indicare
1064 3354 1108 3404 ab·

119 3429 169 3475 cia
201 3418 266 3483 stilis
296 3415 424 3479 gastatariis
456 3421 606 3466 ducebatur&
629 3420 718 3479 ⁴puerit
735 3422 850 3480 ignotost
866 3437 922 3469 curn
937 3422 979 3469 viri
995 3438 1019 3471 et
1033 3426 1108 3473 Sena·

120 3483 230 3554 Lipfius.
281 3480 532 3547 Defdtia'pectorali
551 3500 606 3533 mu·
640 3501 706 3535 toras
730 3488 804 3537 etiam
825 3488 931 3550 proxima
952 3490 1048 3553 pignora
1066 3490 1107 3539 sua

118 3562 233 3613 lienam,
251 3566 314 3616 quac
335 3568 358 3601 er
366 3549 490 3613 strepitum
508 3553 608 3609 dicitur,
639 3558 780 3619 proderent,
797 3553 844 3601 fine
858 3556 991 3605 tormentit.
1012 3554 1104 3619 upum.

119 3646 151 3675 v,
176 3636 254 3685 qnos,
263 3619 334 3667 citavi
353 3620 378 3667 iu
396 3620 463 3669 cuv.
483 3618 562 3673 Cicer.
581 3619 606 3667 in
639 3622 731 3670 Intacti
744 3624 860 3683 piantem
873 3638 928 3670 ante
940 3624 1039 3679 Faenio,
1054 3628 1108 3685 Agr.

114 3689 266 3757 strophium.
639 3689 741 3737 Intactis
758 3688 829 3737 eriam
854 3690 903 3737 m·
927 3692 987 3738 i'lor.
1013 3692 1052 3739 cd.
1073 3708 1109 3755 pr.

163 3775 181 3807 2
198 3750 362 3815 Senatorefim
374 3753 457 3800 inracrr’
466 3754 608 3809 trementia]
641 3758 674 3804 At
686 3758 736 3803 uls.
744 3752 827 3803 eunt.
841 3757 948 3805 innatis
961 3757 1045 3807 vitiose
1056 3789 1065 3813 ,
1081 3772 1108 3807 ut

116 3833 165 3881 lta
182 3822 279 3874 furnes.
292 3822 392 3883 optime.
417 3820 493 3870 Varie.
505 3820 608 3872 intactis,
641 3836 725 3869 omnes
739 3824 790 3871 edd.
806 3837 818 3871 a
832 3824 926 3873 Puteoi.
940 3838 1018 3893 usque
1034 3828 1061 3876 ad
1071 3822 1110 3874 Li-

120 3896 219 3949 littcra
238 3905 286 3939 una
305 3888 460 3951 redundante.
507 3886 539 3937 Ex
557 3901 608 3950 quc
641 3887 728 3955 pirum.
912 3924 915 3931 .
1027 3954 1106 4023 Μ
1258 3938 1261 3945 ,

999 3968 1011 4025 3
1071 3975 1114 4005 :t·
