2850 4625
343 225 891 349 nuunmvm'ururrv,
941 293 977 329 .,
1057 265 1105 329 751

116 401 214 456 'certo
228 380 317 458 iactu
331 388 394 456 tela
409 387 610 468 exhauserat,
634 385 728 454 velut
741 405 848 459 cuneo
863 386 983 476 erupit.
1007 384 1101 454 Idem
1110 385 1178 451 hl.
1243 421 1250 451 t

123 477 325 579 auxiliarium
338 479 495 568 impetus:
519 499 552 546 et
568 499 687 568 eques,
709 475 873 566 protentis
888 473 1000 577 hastis,
1024 469 1178 581 pet-Q

122 565 246 656 friugrt,
268 567 509 658 quodohvium
528 585 561 636 et
583 565 728 634 validum
744 585 823 632 erat.
877 565 988 634 Ceteri
1009 585 1100 655 terga
1119 600 1161 652 ἢ

148 657 321 736 raebuere,
344 653 473 724 difficili
483 652 624 744 effugio,
649 655 725 745 quia
741 653 949 725 circumiecta
963 652 1099 720 vehicu—

121 678 325 835 lhsepsetant
346 746 462 812 abitus.
530 747 571 812 Et
595 743 746 810 milesne
768 743 940 811 mulierum
963 743 1099 833 quidem
1184 787 1187 799 ·

123 835 196 901 neci
213 835 431 924 temperabat:
456 831 656 924 confixaque
664 832 736 900 telis
752 833 1009 911 etiamiumenta,
1024 853 1101 899 cot·

121 945 242 1016 porum
259 922 424 991 cumulum
442 927 609 990 auxerant.
655 921 764 1000 Clara,
789 943 822 988 et
835 922 975 1012 antiquis
988 922 1099 988 victo·

87 1049 93 1070 r
120 1012 177 1080 riis
192 1034 268 1102 pat,
300 1035 335 1080 ea
361 1011 416 1079 die
431 1009 497 1078 laus
516 1030 617 1102 parta.
655 1011 781 1103 quippe
796 1009 885 1090 sunt,
915 1009 973 1101 qui
987 1007 1098 1098 paullo

121 1103 245 1180 minus,
275 1124 374 1192 quam
389 1097 558 1190 octoginta
573 1099 669 1168 millia
683 1101 928 1176 Britannorum,
950 1097 1101 1168 cecidffe

120 1191 261 1268 tradant,
285 1189 424 1258 militum
438 1190 683 1280 quadringentis
697 1187 802 1256 ferme
816 1184 1015 1267 interfectis,
1037 1210 1101 1256 nec

119 1277 226 1347 multo
242 1279 379 1371 amplius
395 1279 580 1346 vulneratis.
628 1277 792 1347 uouaicea
823 1276 835 1302 ²
851 1278 953 1344 vitam
967 1296 1098 1344 veneno
1170 1278 1172 1283 ’

118 1365 240 1437 finivit.
306 1369 347 1436 Et
376 1363 543 1437 3Ροειιίιις
560 1367 752 1450 Postumus,
771 1363 956 1458 praefectus
979 1363 1100 1432 castro-

41 1512 42 1515 *
119 1479 197 1526 rum
212 1454 372 1526 secundae
388 1456 542 1548 legionis,
558 1458 714 1550 xcognitis
739 1455 1103 1548 quartadecimanorum
1121 1510 1127 1536 Α.

117 1542 391 1616 vicesimanorum
416 1569 459 1614 ue
473 1545 640 1638 prosperis
659 1548 776 1623 rebus,
805 1546 882 1637 quia
905 1544 976 1635 pari
996 1541 1102 1633 gloria

113 1635 288 1727 'legionem
303 1570 627 1716 luamlraudaverat‚
652 1637 892 1724 abnueratque,
923 1653 1038 1701 contra
1056 1632 1099 1699 ri‘-
1144 1704 1148 1711 ,

118 1743 192 1794 tum
210 1725 361 1804 militiae,
392 1724 466 1792 lulla
492 1725 603 1802 ducis,
633 1721 784 1812 seipsum
806 1723 918 1812 gladio
932 1721 1099 1811 transegit.

119 1817 320 1884 Contractus
335 1814 570 1882 deindeomnis
585 1813 761 1889 exercitus,
785 1808 841 1878 sub
855 1812 993 1903 pellibus
1007 1810 1100 1878 habi.-
1121 1814 1162 1909 3ss

119 1923 173 1970 tus
189 1901 245 1982 est,
269 1903 310 1972 ad
324 1901 451 2004 reliqua
466 1899 542 1970 belli
563 1901 795 2002 perpetranda.
844 1902 1017 2000 Auaritque
1040 1923 1100 1984 co7
1201 1920 1223 1968 ·.

116 1993 191 2084 pias
216 1990 342 2070 Caesar,
367 1985 461 2056 mrffis
478 2013 496 2056 e
513 1991 686 2058 Germania
704 1989 833 2055 duobus
847 1987 1102 2078 legionariorum
1209 1996 1213 2004 '

117 2080 276 2160 millibus,
300 2072 381 2146 octo'
399 2076 622 2148 ¹auxiliarium
631 2077 839 2156 cohortibus,
860 2077 1026 2145 aemillee
1051 2077 1101 2144 ui-

117 2170 229 2238 tibus:
254 2164 397 2260 quorum
414 2168 567 2248 adventu,
590 2168 709 2236 nonani
719 2167 900 2258 legionario
913 2166 1016 2235 milite
1025 2099 1100 2259 liap-

115 2258 208 2355 pleri
225 2257 314 2337 sunt;
338 2256 494 2327 cohortes
511 2257 643 2350 alaeque
660 2258 757 2327 novis
777 2256 994 2325 hibernaculis
1011 2255 1101 2325 loca·
1130 2315 1135 2324 .
1172 2276 1175 2288 ·

116 2371 189 2428 tae,
215 2348 375 2442 quodque
390 2345 557 2415 nationum
566 2346 764 2438 ambiguum,
785 2366 839 2415 aut
854 2346 1021 2415 adversum
1029 2346 1102 2415 fue-

112 2457 182 2517 rat,
209 2438 275 2527 igni
293 2456 390 2527 atque
402 2434 493 2503 ferro
508 2434 655 2508 vastatur.
701 2437 767 2504 Sed
777 2436 857 2501 nihil
872 2458 987 2526 aeque,
1002 2456 1102 2525 quarn

113 2525 225 2596 fames
241 2522 402 2615 affligebat
419 2522 561 2593 serendis
576 2524 723 2616 frugibus
736 2522 929 2604 incuriosos,
954 2544 988 2590 et
1009 2525 1101 2604 omni

116 2636 230 2685 aetate
245 2614 286 2683 ad
305 2613 555 2695 bellumversa,
585 2614 664 2683 dum
683 2612 810 2683 nostros
830 2631 1029 2680 commeatus
1044 2608 1103 2679 libi

119 2704 302 2775 destinant:
344 2723 524 2796 gentesque
546 2700 758 2795 praeferoces
778 2703 901 2772 tardius
923 2702 965 2770 ad
985 2724 1103 2793 pacem

1007 2791 1102 2859 incli-

110 2938 239 3006 fitggreffis
250 2935 360 2999 hostibus:
375 2952 449 3003 atque
463 2952 490 2987 ea
503 2938 598 2989 veritat.
622 2938 674 2993 ¹62.
691 2938 733 3003 (ps
743 2936 928 3002 706.)·nt'etbo.
949 2896 1101 2994 iurandm,

118 3004 220 3071 Lrpſsus.
270 3006 373 3057 Pithone
384 3020 467 3055 contra
479 3006 508 3055 ad
518 3006 597 3056 hoflta
631 3007 673 3061 rit,
693 3008 718 3053 lv
747 3005 811 3063 τίνῳ
837 3010 878 3059 τῆς
903 3005 1013 3057 urhun
1037 3006 1101 3061 step.
1165 3038 1168 3042 J

115 3078 236 3127 referret
249 3076 336 3123 inemo
350 3073 415 3122 iectu
431 3073 503 3135 legit:
527 3076 595 3138 quod
629 3068 724 3136 Lipfiur.
776 3074 831 3130 Sed,
849 3069 892 3123 uili
916 3072 1000 3133 fallor,
1022 3071 1103 3132 legen·

116 3158 187 3193 recte
200 3144 314 3206 repudiat
326 3140 508 3191 Freinshemius.
531 3140 596 3192 Nam
631 3144 689 3192 dum
700 3142 771 3197 τύπῳ.

116 3210 258 3277 lipropiur
276 3208 397 3271 suggrellna
412 3206 486 3256 hallia
499 3208 598 3257 demum
634 3208 789 3273 ‘3l'oem'us
813 3202 959 3267 Postumus.)
993 3202 1102 3256 uenero
1191 3250 1195 3259 ,

116 3278 260 3333 milirrela,
274 3276 377 3325 incertus
393 3274 466 3325 iterus
481 3273 597 3325 nonfuit.
633 3277 741 3341 placebat
761 3275 868 3326 Hoenias.
925 3276 954 3323 Et
968 3274 1003 3323 eh
1013 3272 1103 3321 tronea

115 3349 208 3411 ltaque
232 3358 278 3395 aur
291 3342 382 3421 Lipstur
399 3342 541 3398 audiendus,
559 3356 600 3393 aut
633 3344 804 3400 familiatlara,
821 3360 851 3418 ‘l‘
865 3356 911 3406 qua
924 3339 1015 3391 Consul
1033 3357 1055 3396 a,
1068 3342 1103 3388 V.
1172 3340 1175 3345 '

112 3414 186 3467 aliud
216 3409 280 3477 quid
306 3409 361 3458 vui'r
393 3412 418 3459 in
444 3422 505 3458 cmo
535 3408 601 3467 latet.
634 3418 690 3474 894·
709 3412 743 3459 Τ.
765 3412 877 3461 Hoentur
897 3411 1006 3458 Severus.
1056 3409 1104 3459 Seu

113 3486 186 3533 forte
199 3480 292 3529 crebro.
323 3478 387 3527 Nam
401 3478 513 3542 profecto
526 3490 600 3527 teretes
633 3495 659 3529 et
678 3479 758 3529 Poeat'r'
776 3477 801 3527 in
822 3476 980 3526 monimentis
996 3474 1102 3539 antiquis

115 3554 198 3600 factus
212 3562 266 3597 non
279 3542 333 3593 satis'
346 3544 458 3593 convenit
471 3544 601 3596 verbum·
633 3560 781 3600 accurrunt,
804 3543 938 3593 etsrminus
951 3543 1054 3591 nubilet.
1124 3568 1129 3573 ·
1182 3601 1184 3608 Ι

114 3618 225 3674 haurire,
241 3610 600 3677 liadhollesvetbumhocper-
667 3612 849 3665 1Aaxlliariam
875 3608 1029 3670 cohortibus]
1064 3610 1103 3661 Sic

115 3687 188 3737 tinet.
228 3680 292 3733 Mox
304 3692 371 3728 carrea
388 3679 452 3728 MSS.
471 3676 599 3729 flor-Vnt⁸
631 3696 686 3731 eum
707 3684 725 3731 l.
738 3681 815 3735 Gran,
828 3679 893 3727 edidi
913 3681 991 3727 ehlb'.
1007 3678 1041 3727 fr.
1060 3678 1099 3728 ed.

115 3752 204 3805 Guelf.
226 3748 283 3798 eud.
311 3760 371 3795 vett.
384 3742 457 3808 usque
474 3746 501 3794 ad
522 3746 599 3796 Rhea.
632 3766 668 3813 pr.
713 3749 815 3797 Ceterae
826 3746 1009 3798 auxiliariorum.
1043 3744 1103 3795 Mox

116 3822 162 3887 qui
178 3818 255 3868 dedit
267 3828 362 3863 canens:
379 3811 554 3863 cautoreliituit
562 3813 599 3866 Pi·
632 3812 697 3865 forte
714 3815 799 3863 melius
814 3810 1018 3872 fuetituassanan.
1052 3811 1105 3861 Poll

116 3892 208 3939 thena.
340 3894 344 3901 ’
631 3888 668 3933 ed.
681 3900 719 3949 pr.
730 3881 815 3944 uersor.
848 3880 914 3931 unde
927 3880 1037 3929 coniicias
1045 3879 1105 3927 omni

147 3972 162 4009 a
184 3954 267 4006 Vtram
279 3965 363 4001 amena
372 3946 479 4013 firma]
496 3948 554 4005 Dio
569 3949 597 4003 l..
631 3948 716 4013 testare
730 3954 764 4000 td
773 3939 851 4012 &dum
864 3946 949 4010 versos.
1033 4012 1107 4063 sm

998 4028 1014 4066 a
