2850 4625
288 173 353 326 nit
581 238 607 299 1.
643 235 788 349 mrsu
812 224 1063 300 uxcvstsvs

330 375 463 436 Primum
472 393 594 455 quaero,
607 373 680 446 Vbi,
694 394 769 436 aura
779 394 839 454 quo
854 374 1001 457 scriptore
1010 376 1130 437 idoneo
1144 382 1298 440 etveteri
1312 402 1359 442 uo-

289 462 438 522 minatum
454 458 528 521 iliud
551 460 704 522 Cliviunr?
722 460 816 519 adfers
829 462 956 521 nullum.
977 462 1059 520 Nam
1073 462 1165 539 quod
1181 464 1357 525 Antoninus

291 548 421 605 Glevum
434 545 587 615 nominat,
609 544 641 604 in
655 545 805 605 Britannia
821 543 939 607 scilicet
954 544 983 607 id
998 546 1108 625 ponit,
1134 546 1169 605 in
1186 544 1250 606 hoc
1264 550 1351 609 liniis

201 650 207 663 ⁸
291 628 442 706 nusquam.
483 630 681 689 Coniectum
692 630 809 707 aliquot
823 629 967 701 recenses,
983 648 1015 689 et
1028 628 1141 691 nescio
1157 632 1281 707 quidex
1296 639 1352 692 vul·

237 762 240 768 .
291 716 323 795 gi
335 713 411 773 fama
425 714 461 773 de
470 712 692 775 lusiuCtesare:
706 710 756 773 sed
768 710 930 783 obiectus
946 731 1005 774 tam
1015 714 1180 775 vetustum
1196 715 1257 775 hoe
1271 723 1351 794 opor·

291 801 363 859 dum
375 800 434 858 live
445 797 566 858 castrum
577 818 586 859 r
596 790 702 857 'nonne
712 798 832 867 mirum,
847 796 964 857 silentio
980 796 1009 856 id
1017 800 1052 857 ab
1067 798 1224 859 omnibus
1234 798 1351 878 superi,

292 881 408 952 mediis,
423 884 490 941 imis
509 881 718 959 scriptoribus,
732 880 809 961 quast
824 880 862 941 de
878 898 1053 959 compacto,
1070 884 1295 958 praeteritum?
1311 887 1348 945 Er

292 967 419 1034 serrem,
440 965 460 1025 ii
473 966 504 1027 in
521 966 573 1025 vili
589 966 667 1026 loco.
680 964 729 1027 sed
742 966 844 1023 urbem
853 966 1019 1027 Maenianis
1032 964 1094 1025 istis
1112 968 1347 1031 celebremCu-

291 1050 406 1111 ioniam
423 1050 529 1130 populi
541 1051 629 1110 Rom.
644 1052 723 1130 (nam
739 1046 796 1109 hoc
809 1048 1104 1129 quoqueEumenius
1121 1050 1234 1125 r'radit)
1247 1056 1348 1113 verbu-
1386 1068 1387 1127 i

292 1136 325 1197 lo
343 1134 485 1223 nusquam
498 1132 658 1203 nominari,
669 1153 745 1213 quae
756 1133 869 1193 incuria
885 1135 933 1195 vel
944 1134 1044 1213 potius
1056 1134 1178 1193 iniuria
1192 1133 1254 1195 est?

331 1234 459 1294 Deinde.
476 1232 607 1293 Cliviunr
621 1250 707 1294 tunm
720 1232 752 1293 in
765 1232 862 1299 Rheni
876 1230 974 1293 limite
986 1228 1071 1289 litum
1087 1230 1154 1301 eu,
1171 1234 1206 1293 in
1219 1232 1345 1295 confinio

292 1333 342 1381 tot
352 1318 423 1377 Barb
432 1337 551 1378 trorum.
595 1317 673 1392 Quis
683 1317 744 1377 acri
757 1336 883 1399 pectore
895 1316 953 1381 tibi
963 1312 1054 1385 dabit,
1068 1313 1226 1379 Scholam
1237 1318 1346 1380 institu-

293 1418 353 1464 tam
370 1402 400 1461 in
416 1398 533 1460 officina
547 1402 597 1461 ilia
613 1401 739 1461 Mortis?
1240 1428 1245 1437 ·

204 1501 209 1509 '
333 1497 454 1560 Tertio.
466 1498 576 1577 Magne
591 1514 624 1559 et
639 1498 737 1576 rnrpla
749 1516 783 1559 ea
795 1499 866 1559 urbs
875 1496 945 1569 fuit,
956 1496 995 1559 de
1010 1516 1067 1575 qua
1083 1496 1264 1563 Eumenius
1278 1502 1345 1583 agit·

293 1585 407 1663 templa
426 1582 626 1662 pulcherrima
645 1582 765 1643 habuit:
790 1584 992 1664 Capitolium,
1005 1600 1039 1643 et
1055 1584 1304 1661 Aquaeductus,
1321 1606 1343 1645 e.

293 1667 394 1729 omnis
409 1685 493 1725 more
506 1666 649 1727 Romano.
671 1666 765 1741 Cedo,
777 1668 829 1727 ubi
841 1666 913 1747 apud
934 1685 988 1727 vos
1001 1666 1073 1727 haec
1086 1668 1245 1747 vestigia?
1257 1670 1341 1748 Susp·
1386 1700 1387 1729 ς

272 1752 383 1814 ‘cione
397 1752 457 1811 levi
471 1771 505 1809 er
518 1749 649 1828 quaeris:
667 1749 717 1812 sed
730 1771 763 1811 re
781 1770 813 1813 et
828 1751 955 1814 veritate
976 1750 1109 1837 reperies
1123 1754 1341 1833 Augustuduni.
1386 1738 1387 1787 Ψ

290 1834 362 1898 Eius
374 1831 577 1913 murrsspaliofi
584 1833 697 1893 ambitus
709 1835 780 1895 alibi
791 1838 966 1899 Ammianus
981 1836 1127 1916 appellit:
1142 1846 1287 1897 mamm
1297 1850 1343 1895 Aa·

289 1920 429 1999 gustabam·
436 1916 647 2017 magnitudinem
660 1916 800 2000 vetustam,
808 1920 880 1979 alibi
889 1944 896 1979 r
906 1940 938 1983 et
946 1920 1143 1981 daraindicis
1160 1923 1342 1983 etiamnunc

291 2002 415 2081 exstant,
431 2002 531 2064 indice
543 2021 576 2063 er
590 2000 763 2066 testePetro
772 2003 980 2077 San-iuliano,
993 2003 1044 2083 qui
1054 2005 1272 2085 Burgundioni
1283 2008 1340 2069 Grs

291 2088 354 2150 lice
366 2085 517 2167 descripsit
531 2106 637 2165 nuper.

332 2183 460 2257 Quarto.
480 2182 590 2247 Scribit
598 2182 775 2252 Eumenius,
789 2186 927 2244 civitatem
944 2179 1019 2257 iliam
1038 2196 1064 2239 re
1082 2183 1296 2265 olimfiaem
1304 2212 1337 2270 ps

286 2269 347 2350 puli
362 2273 470 2326 Romani
480 2273 584 2326 nomint
593 2270 745 2346 gloriatam.
761 2266 874 2328 Nonne
886 2260 1065 2328 veriffimum
1077 2284 1111 2329 et
1123 2270 1337 2336 testatiffimtm

177 2382 183 2391 ·
292 2352 369 2414 illud
382 2355 413 2412 in
427 2352 555 2414 Aeduis?
566 2354 604 2415 de
620 2352 719 2413 Clivio
729 2351 780 2412 ubi
794 2353 854 2414 tale
869 2350 1021 2430 repperis?
1033 2351 1219 2435 Perfugium
1232 2361 1336 2439 quoeris

292 2437 325 2497 in
339 2436 463 2496 Batavis.
476 2436 565 2496 etiili
577 2435 677 2506 etiam,
689 2437 799 2516 inquis,
811 2435 953 2516 appellati
968 2434 1073 2495 fratres
1086 2456 1122 2498 er
1134 2441 1235 2504 amici
1250 2465 1334 2526 popu·

291 2521 317 2581 ii
329 2521 468 2582 Romani.
487 2517 557 2580 Scio
570 2540 603 2583 et
619 2521 849 2582 Commenrariis
866 2519 941 2580 meis
954 2519 1132 2599 iampridem
1144 2523 1280 2588 inserui:
1295 2528 1333 2588 sed

290 2604 352 2666 hoc
365 2623 486 2682 quoque
498 2602 571 2664 scio.
584 2605 665 2684 quod
676 2625 740 2666 non
754 2605 855 2680 vulgo.
868 2603 927 2666 etii
940 2604 1058 2672 Haterii
1073 2626 1137 2666 non
1155 2627 1263 2672 tamen
1276 2613 1332 2674 ideo

255 2760 258 2767 ¹
290 2688 386 2750 vicini
398 2689 487 2748 Galli.
514 2689 582 2748 Alia
596 2690 717 2751 illorum
730 2686 822 2748 caussa
837 2686 892 2758 est,
910 2688 959 2766 qui
976 2688 1164 2750 tributorum
1179 2695 1328 2761 immunes
1385 2747 1386 2750 ,

289 2773 386 2834 semi:
395 2772 496 2842 liberi,
511 2792 589 2831 arma
603 2790 718 2834 tantum
733 2791 765 2833 et
782 2772 862 2834 viros
877 2770 1003 2852 imperio
1016 2771 1263 2854 suppeditabant.
1283 2784 1329 2841 ltr-
1385 2777 1386 2782 ’

289 2875 350 2938 que
363 2857 428 2917 iure
443 2856 540 2916 socios
553 2856 584 2917 se
593 2856 743 2924 dixerunt,
761 2856 875 2924 fratres,
888 2853 1006 2918 amicos.
1025 2857 1061 2918 In
1075 2859 1254 2940 vobisquid
1267 2863 1326 2923 fimi
1385 2873 1386 2876 ’

170 2991 175 2998 .
236 3015 241 3024 ¹
288 2940 400 3019 le?qui
409 2940 472 3001 veri
481 2929 768 3014 Galliettribuiarii,
782 2939 997 3022 iamdiugrrve
1009 2937 1115 3022 iugum
1125 2943 1325 3010 serebatislic-
1385 2963 1386 3020 i

287 3042 392 3086 manae
405 3023 568 3086 servitutis.
685 3065 689 3075 ·
1385 3023 1386 3066 l

328 3121 457 3196 Quinto.
480 3116 695 3181 Vetustissirnae
708 3121 778 3182 sunt
789 3121 859 3182 illae
872 3121 1034 3183 Eumeniae
1050 3123 1245 3190 Maenianae.
1266 3131 1321 3189 Cri·

169 3235 173 3240 ·
229 3261 256 3280 ,
275 3191 361 3284 ‘ligas
371 3206 419 3264 vel
429 3224 465 3264 et
476 3205 521 3264 his
537 3203 651 3265 verbis:
663 3194 998 3280 Mae‘nianaeillaefilrolae
1010 3207 1147 3289 quondam
1156 3213 1323 3288 pulcherrim

285 3306 363 3367 opere
375 3306 401 3345 et
408 3288 556 3366 studiorum
562 3285 723 3368 frequentia
736 3290 850 3349 celebres.
875 3287 967 3363 Quod
981 3289 1020 3352 de
1035 3293 1260 3372 Augustoduno
1273 3319 1324 3357 cer·

173 3382 177 3390 “
285 3389 369 3433 tum:
384 3374 436 3433 ubi
449 3373 588 3432 Scholam
601 3393 616 3429 a
629 3372 884 3436 nobilitate-omni
897 3372 1009 3434 Gallica
1021 3374 1257 3454 frequentatam,
1271 3382 1298 3441 T
1297 3403 1322 3439 ι-

286 3455 432 3516 drusium
446 3457 582 3517 indesub
599 3456 728 3516 Tiberio
740 3456 884 3539 agnoscit.
927 3455 975 3518 Dc
989 3459 1095 3520 clivio
1114 3461 1196 3526 nihii
1213 3467 1317 3530 teielu·

258 3537 527 3621 '‚bensus,praerer
542 3538 689 3619 suspicari.
1019 3559 1022 3564 ·
1144 3583 1153 3598 ,

324 3637 425 3697 Serto.
446 3636 619 3698 Maenianis
630 3637 697 3696 ilias
708 3641 782 3694 inter
793 3633 921 3712 Apollinis
934 3636 1062 3712 tempium
1074 3655 1159 3720 arque
1175 3639 1311 3721 capsulas:

274 3718 443 3781 ¹Eumenius
457 3721 553 3800 ponit.
594 3721 690 3798 Atqui
706 3719 858 3798 Apollinis
876 3737 997 3794 quoque
1014 3727 1168 3804 templum
1184 3721 1314 3784 inflantia

280 3804 454 3864 Aeduorum
468 3803 529 3865 five
539 3803 754 3884 Augustoduno
773 3803 921 3862 inclutum
936 3799 1036 3878 rurist,
1049 3803 1319 3887 atiusrnegyriues
1345 3853 1349 3864 .
1384 3829 1385 3842 ἢ

279 3887 402 3951 testatur
414 3889 445 3949 in
458 3890 608 3952 Oratione
623 3885 818 3952 Constantino
834 3885 922 3948 dicta.
1192 3893 1200 3907 ⁸

1204 3983 1321 4051 Posiae·

1313 4331 1318 4341 .
1375 4201 1384 4345 l
