2850 4625
390 252 457 317 ao
489 250 666 317 annau.
697 250 785 315 um.
806 250 831 315 ι.
1070 268 1135 337 909
1192 340 1196 347 ἡ

80 385 219 474 renifissr‘.
261 388 412 453 olum
427 390 555 453 omibus
572 386 665 472 lustris
676 388 811 473 felicius!
839 404 890 452 aut
908 387 1000 451 etiarn
1012 387 1135 470 singulis

83 478 180 537 annia.
212 472 304 543 ,Nam
316 495 388 537 ecce
400 476 441 551 in
458 473 572 539 Tacito
587 496 666 543 anno
685 472 765 555 post,
785 474 816 536 Ρ.
832 472 979 536 Vitellius
998 492 1031 537 et
1047 476 1135 536 Scan·

83 560 147 622 tius
160 558 329 621 mittuntur
339 561 374 620 ad
389 560 493 621 census
506 560 677 633 Galliarum,
692 557 794 621 libii
845 556 1011 620 Tributum
1033 576 1135 621 tamen

84 641 196 725 ipsum,
207 642 331 706 ridetur
342 644 418 705 olim
429 644 610 725 descriptum
623 639 711 703 fuisse
724 645 756 704 in
769 640 898 723 singulus
911 642 1037 705 menses.
1070 643 1135 703 Do·
1166 655 1169 665 “

86 746 139 789 cet
153 724 267 787 fastum
283 729 394 790 Licinii
413 728 615 790 Procuratorir
635 726 711 808 apud
729 726 874 797 Dionem,
890 728 951 807 qui,
973 742 1008 787 tlt
1021 726 1078 800 ait,
1094 746 1134 789 eo

85 810 220 872 malitiae
241 830 438 891 pervenerat,
463 831 499 874 ιιι
518 811 659 893 quoniam
678 810 800 891 singulis
817 810 964 872 mensibus
986 810 1135 873 tributum

85 914 150 956 erat
164 894 261 956 Gallis
277 896 482 977 pendendum,
502 896 742 975 quattuordecim
763 888 904 957 deliniret
921 894 989 956 anni
1007 894 1135 957 menses.

84 980 168 1039 Vide
184 998 251 1043 rena
272 1002 336 1041 non
356 980 567 1051 iniucundum,
585 980 662 1060 apud
672 980 824 1059 optimum
844 972 1033 1062 scriptorem,
1053 976 1135 1061 quod

85 1064 209 1144 quidem
223 1063 259 1122 ad
271 1064 348 1125 ritus
363 1065 474 1144 priscos
488 1065 607 1134 attinet,
621 1062 699 1123 libro
718 1062 797 1125 [lv.

120 1164 144 1217 a)
160 1157 248 1221 Capita
261 1160 335 1208 crim
350 1174 393 1222 pra
401 1159 492 1223 pabulis
504 1162 654 1211 interm
671 1159 787 1210 Anniam
802 1156 933 1211 riblrllll.

120 1226 148 1287 b)
165 1226 454 1290 energuminum.
535 1228 541 1239 ’

446 1482 558 1552 cnr.
597 1393 784 1554 iixxxr.
887 1480 889 1496 ¹

88 1572 276 1705 Suetonius
294 1594 359 1638 non
372 1572 488 1655 spernit
506 1569 604 1639 solam
623 1577 800 1645 sententiam
818 1576 909 1649 lane,
929 1574 980 1637 sed
992 1535 1083 1655 longi
1100 1589 1135 1639 et
1171 1616 1175 1625 ·

148 1663 211 1723 acri
238 1660 442 1742 disputatione
459 1663 580 1724 evertit.
633 1663 692 1723 Cui
718 1682 821 1725 manua
848 1682 906 1742 ego
930 1658 1064 1724 nondum
1085 1658 1134 1721 do.

43 1797 44 1802 ,
88 1746 173 1821 Quid
193 1746 297 1807 enim?
320 1765 357 1804 an
372 1749 480 1825 vulgus
498 1746 564 1807 eiua
584 1747 652 1810 aevi
673 1748 754 1829 (nam
768 1744 905 1808 versiculi
921 1746 982 1815 illi,
997 1734 1134 1823 Caligul'a

42 1881 43 1892 ,
87 1831 243 1912 principe,
264 1827 363 1891 statim
378 1828 525 1910 divulgati
542 1830 630 1911 sont)
648 1830 759 1893 nesciit
770 1828 963 1911 Imperatoris
978 1828 1023 1891 soi
1037 1825 1134 1889 solum
1155 1840 1158 1851 ’

88 1916 241 1993 genitale?
263 1932 324 1974 tam
340 1912 510 1993 impudenti
523 1914 680 1977 mendacio
694 1915 799 1977 ludere
817 1914 863 1975 ius
874 1914 951 1977 fuit?
976 1906 1054 1973 Non
1073 1912 1140 1975 lli-r

88 2000 156 2057 nior
170 2017 203 2058 et
216 1997 353 2076 Tacitus,
368 2017 405 2057 ea
418 2018 494 2077 quae
506 1996 683 2072 Suetonius,
703 2000 920 2080 perviderunt?
946 1996 1075 2073 ,Scilicet
1096 1996 1135 2057 iis

91 2100 162 2141 cura
176 2102 241 2141 non
256 2079 319 2141 foit
334 2080 514 2162 inspiciundi
528 2083 619 2145 Atta?
640 2085 713 2165 logi.
735 2104 797 2145 non
818 2082 924 2163 topia?
945 2098 1050 2161 nugae.
1090 2082 1135 2143 At

42 2221 44 2236 ,
90 2165 184 2238 enim,
200 2166 311 2244 inquit,
325 2184 412 2227 natus
425 2166 468 2227 eb
486 2168 575 2227 Caius
588 2186 672 2247 patre
685 2166 738 2228 suo
752 2186 786 2229 et
799 2166 832 2228 C.
850 2165 979 2227 Fonteio
994 2160 1069 2225 coll.
1083 2183 1135 2245 pc·

89 2266 139 2307 ter
155 2267 258 2309 autem
267 2248 459 2312 Consulatum
471 2270 540 2312 eom
557 2271 635 2313 anno
647 2270 717 2314 toto
731 2248 825 2335 pedit,
839 2250 998 2330 etquidem
1012 2252 1140 2312 inurbe:

41 2368 42 2419 j
91 2332 167 2392 Non
186 2333 285 2412 igitur
297 2334 377 2394 nasci
389 2336 492 2416 potuit
505 2337 537 2396 in
551 2335 661 2398 callria:
682 2341 824 2416 quoniam
841 2353 927 2418 pater
944 2335 1065 2395 demum
1082 2353 1136 2394 ex·

91 2416 158 2476 aiio
172 2416 337 2480 Consulatu
357 2419 389 2479 in
401 2418 592 2480 Germaniam
611 2419 652 2482 est
672 2419 783 2483 missus.
842 2419 983 2489 Primum,
997 2417 1135 2490 Suetoni

41 2559 43 2573 ,
91 2500 173 2577 quod
187 2520 221 2562 tu
240 2501 332 2562 sumis
344 2521 381 2563 ur
392 2503 504 2572 datum,
519 2503 586 2564 lieri
601 2505 697 2584 poteli
710 2524 745 2566 ut
759 2504 824 2585 quis
838 2504 960 2564 illorum
982 2503 1084 2562 iubeat
1102 2519 1135 2564 te

41 2642 42 2647 ,
90 2604 256 2664 reponere,
274 2586 411 2666 ambigo,
427 2589 565 2665 inquam,
584 2607 685 2649 utrum
705 2590 778 2650 illae
798 2607 883 2649 meae
898 2603 995 2667 partes
1009 2583 1135 2646 consen·

41 2666 42 2677 ’
90 2669 170 2730 tianr
184 2669 427 2749 consciscantque
438 2691 541 2732 natum
555 2691 593 2733 eo
607 2691 686 2732 anno
700 2673 804 2733 Caium
822 2669 907 2734 else-
931 2669 1031 2730 Video
1050 2669 1135 2730 enim

91 2750 245 2815 dissentire
259 2755 334 2815 alius
348 2757 380 2815 in
392 2775 521 2816 numero
540 2775 684 2818 annorum
703 2775 779 2837 quoa
797 2755 905 2818 dicitur
921 2749 1033 2815 vixisse.
1097 2753 1135 2816 Et

90 2839 162 2914 quid
176 2839 196 2898 li
217 2839 322 2919 paullo
345 2859 415 2899 ante
434 2858 520 2902 natus
537 2840 587 2913 stt,
610 2859 678 2901 com
704 2841 837 2920 paterio
859 2839 1019 2902 Germania
1042 2833 1135 2900 esset?

91 2921 196 3002 quidsi
212 2925 315 3003 paullo
328 2923 410 3003 post?
441 2923 569 2995 Deinde,
583 2927 625 2984 mi
640 2925 740 2996 homo,
752 2926 906 3005 quaeritur
917 2923 1035 3002 quando
1048 2939 1134 2984 natus

90 3007 362 3085 Caligulasrt,nen
379 3007 601 3086 quandosarus.'
637 3007 751 3070 Nonne
768 3009 831 3089 ipso
846 3025 930 3090 patre
944 3005 1085 3078 Consule,
1099 3025 1135 3069 ur
1217 3017 1219 3022 '
1256 3033 1258 3041 ι

91 3104 127 3148 tu
140 3092 195 3159 vis,
216 3089 295 3151 nasci
315 3092 416 3170 potuit
435 3093 468 3152 in
492 3091 607 3154 castris?
625 3091 695 3154 Nec
713 3094 796 3154 enim
815 3113 891 3175 opus
909 3091 999 3153 credo
1017 3109 1080 3149 eam
1099 3091 1135 3151 ad

91 3191 156 3231 rem
172 3174 337 3254 praesentia
349 3175 450 3255 patric.
508 3179 585 3238 Nam
610 3176 823 3238 Germanicum
843 3177 957 3240 constat
975 3194 1010 3236 ex
1032 3174 1135 3236 Dione

58 3307 63 3331 ,
91 3251 188 3328 statim
205 3278 222 3318 a
240 3261 324 3320 clade
337 3259 460 3319 Variana
479 3261 674 3323 continenter
693 3261 725 3322 in
746 3261 905 3323 Germania
926 3255 1071 3330 mansisse,
1100 3259 1142 3332 ad¹
1270 3257 1274 3268 '

92 3333 291 3422 bunc-usque
312 3343 516 3404 Consulatum.
560 3343 705 3421 suspicari
726 3363 824 3407 autern
844 3345 1042 3427 probabiliter
1065 3340 1136 3424 pos·

92 3422 167 3496 sum,
178 3443 314 3494 uxorem,
329 3447 405 3506 quae
417 3427 529 3489 tumida
540 3445 573 3488 er
584 3430 683 3491 vicina
697 3431 812 3509 partui,
831 3429 966 3491 relidam
989 3429 1024 3487 ab
1041 3447 1080 3488 eo
1102 3428 1135 3489 itt

93 3508 251 3571 Germania
264 3512 362 3572 donec
374 3530 495 3572 uterum
510 3509 660 3591 posuisset.
701 3515 779 3574 Nam
795 3513 976 3576 circumduci
994 3510 1135 3592 iniungo

93 3589 360 3678 itinerelfeminam
382 3615 416 3655 ut
437 3597 524 3675 prisci
541 3597 696 3666 dicebant,
717 3598 883 3672 incientes,
901 3617 963 3658 non
983 3613 1021 3658 ert
1038 3613 1132 3670 more,

93 3684 154 3735 obn
167 3697 204 3738 ex
216 3677 277 3738 usu.
320 3679 426 3740 Potuit
444 3700 516 3760 ergo
535 3681 615 3741 nasci
635 3683 667 3743 in
690 3682 798 3754 castrii,
811 3701 844 3745 et
859 3700 959 3745 tamen
974 3681 1005 3740 in
1018 3677 1146 3740 consui
1169 3745 1170 3750 χ

94 3758 155 3820 latu
168 3764 269 3842 patris.
284 3761 341 3823 Sed
356 3764 386 3823 in
402 3763 482 3823 Adsis
500 3767 631 3842 reperio,
644 3768 694 3838 aia,
710 3787 813 3828 natum
826 3785 895 3828 eum
907 3764 1001 3827 Antii.
1050 3763 1135 3838 Quid

94 3841 237 3909 stnomen
252 3847 309 3909 tibi
320 3849 459 3927 imponit,
473 3867 506 3908 et
518 3848 590 3909 Atta
604 3851 642 3910 de
660 3850 719 3912 alio
735 3853 874 3932 quopiam
892 3851 981 3922 Caio,
997 3843 1064 3909 lilio
1083 3867 1134 3928 pa·

95 3927 169 3990 riter
185 3931 373 4006 Germanici,
386 3931 561 4017 senserunt.>
590 3935 663 3996 Nou
682 3935 766 3998 enirn
787 3933 941 4018 culpane
962 3951 1133 4077 rognoumen

1029 4016 1058 4078 d'
1074 4017 1131 4078 cri·
