2850 4625
446 186 880 319 lerneaarto

142 386 315 491 plerique
328 388 558 495 profitentur.
608 396 708 471 Vere
724 390 835 485 dixit,
856 392 920 493 qui
932 392 1099 471 homines
1120 396 1198 497 ple·

52 550 57 561 ·
144 524 304 615 tumque
316 502 452 581 nescire
465 506 572 601 dixit,
593 508 681 609 quid
698 504 761 583 fibi
777 507 923 595 vellent,
944 532 1024 581 cum
1036 507 1084 583 de
1098 534 1196 585 rece

145 634 214 717 pta
226 613 385 695 lectione
398 620 729 723 vulgatoquetextu
739 624 992 723 loquerentur.
1037 622 1195 697 Plerum-

97 818 106 837 ,
145 750 223 827 que
238 732 415 833 vulgatam
431 756 470 812 et
485 758 666 835 receptam
681 737 879 815 lectionem
903 732 1077 811 homines
1092 732 1197 811 intel·

141 841 273 945 ligunt,
299 871 409 948 quam
425 847 463 923 iu
479 846 543 925 suo
559 848 650 927 libro
666 848 818 942 habent,
841 849 878 928 lu
895 872 929 924 e.
944 845 1049 947 saepe
1071 847 1195 922 conie-

138 980 284 1037 cturam
302 961 341 1037 in
356 980 497 1037 textum
512 962 653 1055 illatam,
676 962 781 1065 quod
795 956 992 1039 sexcenties
1006 956 1045 1035 in
1060 960 1195 1037 Tacito
1213 1063 1216 1068 1

97 1098 100 1106 ’
136 1073 298 1165 factum,
320 1072 448 1151 vitium
463 1090 666 1175 operarum,
691 1075 960 1153 correctionem
969 1096 1197 1175 pravamma·

138 1186 180 1264 le
196 1184 326 1292 cutios1
340 1190 556 1267 correctoris
578 1190 814 1295 speciminum
831 1188 1196 1292 typographicorum.

139 1300 287 1401 ltaque,
309 1299 413 1403 quod
427 1302 569 1398 mirere,
592 1304 676 1382 alius
684 1306 784 1385 aliam
801 1306 977 1407 vulgatam
993 1301 1193 1377 lectionum

139 1436 185 1503 et
200 1435 379 1520 receptam
392 1412 513 1499 habet.
536 1418 748 1523 Intelligitur
758 1418 882 1499 Taciti
891 1417 1068 1517 exemplo.
1093 1415 1192 1492 Rbe-

139 1550 257 1607 nanus
265 1532 403 1633 uulgata
416 1532 589 1627 lectione,
602 1556 644 1611 ut
656 1532 824 1630 vidimus,
839 1530 1071 1633 intelligebat,
1086 1528 1189 1630 quic·

137 1644 233 1745 quid
247 1643 332 1724 esset
346 1644 385 1723 in
402 1646 461 1725 ed.
476 1650 570 1729 Basrl.
588 1651 882 1747 1519.s1verecte,
912 1645 983 1723 stuc
1005 1668 1113 1745 prave
1127 1668 1189 1719 cx·
1255 1744 1264 1753 ἢ

134 1756 304 1863 pressum.
351 1761 437 1837 Post
452 1788 535 1841 eum
551 1766 798 1869 intelligebant
809 1766 886 1841 hoc
899 1757 1063 1850 nomine,
1085 1758 1187 1857 quic·

135 1870 230 1975 quid
256 1871 296 1949 in
316 1872 481 1952 editione
506 1880 605 1957 Basd.
633 1878 798 1957 Rhenani
825 1878 929 1961 esset,
982 1891 1043 1947 aut
1071 1870 1111 1946 in
1132 1871 1187 1961 iis,

133 2012 233 2089 quae
246 2011 291 2065 ex
304 1985 581 2071 hacfluxillent:
622 1993 759 2097 Lipsius
774 1990 974 2069 lectionem
995 1984 1187 2086 ignobilio·

133 2101 185 2179 ris
201 2124 239 2179 ct
259 2097 429 2181 obscurae
450 2106 640 2203 editionis,
676 2110 784 2213 quam
800 2102 929 2211 praelis
947 2096 1187 2201 typographi-

134 2217 190 2296 cis
211 2216 529 2305 accommodabat,
560 2222 616 2299 vel
640 2221 793 2299 maxime
813 2218 890 2295 eius
911 2216 1079 2293 mendas:
1127 2212 1186 2291 l’i·

132 2333 251 2411 chent
272 2330 479 2433 scripturam
511 2361 661 2416 omnem
683 2337 976 2438 qualemcunque
1002 2327 1187 2433 Lipstanae
1213 2376 1217 2393 ·

134 2447 195 2527 cd.
209 2459 295 2544 1585·
312 2513 327 2534 ,,
348 2445 505 2546 Ryckius
522 2449 579 2528 ed.
594 2449 869 2532 Gronovianae,
893 2445 964 2522 five
985 2443 1185 2522 Bernecce·

133 2563 260 2642 tianae.
309 2557 411 2659 Quae
427 2585 516 2662 ergo
532 2565 584 2640 est
604 2589 688 2641 vere
702 2564 840 2664 vulgata
854 2583 891 2637 et
905 2585 1051 2663 recepta
1070 2555 1183 2636 Ταοὶὅ

134 2678 164 2755 ti
183 2675 315 2755 lectio?
362 2671 539 2755 Profecto
558 2676 664 2782 saepe
684 2673 930 2759 animadverti,
944 2673 1108 2776 vulgatae
1130 2673 1182 2750 lc-

133 2793 265 2871 ctionis
281 2811 420 2864 nomen
443 2790 533 2868 nihil
551 2792 638 2885 esse,
672 2790 747 2883 nist,
770 2787 872 2891 quod
886 2786 934 2863 de
948 2789 1110 2890 Fortuna
1123 2785 1182 2862 di·

132 2901 185 2984 xit
197 2927 303 2982 vetus
318 2896 456 2998 aliquis,
479 2909 600 2998 ἅγνὲιως
619 2909 757 3003 illotas,
774 2900 987 3007 perfugium
1002 2925 1103 2978 certe
1123 2901 1180 2977 in·

131 3019 261 3100 scitiae.
296 3017 406 3093 Non
417 3013 681 3096 videndumest
696 3017 735 3094 in
755 3016 989 3118 scriptoribus
1008 3015 1179 3116 antiquis,

133 3161 225 3240 quae
240 3137 378 3233 vulgata
391 3127 506 3206 lectio
525 3129 583 3207 srt:
613 3133 695 3212 sunt
708 3133 806 3209 enim
826 3127 930 3232 saepe
944 3131 982 3206 in
998 3156 1075 3207 uno
1089 3131 1178 3205 loco

132 3252 252 3354 plures
267 3243 445 3342 vugataes
472 3265 583 3347 atque
602 3247 708 3324 etiam
730 3245 884 3324 mendae
903 3250 1111 3348 vulgantur,
1135 3267 1177 3322 ut

133 3360 269 3442 centies
284 3356 322 3434 iu
344 3356 441 3434 notis
461 3356 506 3434 ad
526 3357 700 3438 Tacitum
720 3363 847 3441 docui:
884 3363 946 3442 sed
966 3365 1061 3465 quae
1079 3363 1176 3440 bona
1286 3401 1290 3408 ·

132 3475 184 3569 lit,
206 3471 350 3550 cbonis
364 3471 462 3548 libris
476 3495 513 3550 et
531 3473 707 3558 correctis
728 3474 854 3573 duma,
879 3503 917 3556 et
931 3468 1077 3581 linguae*
1087 3477 1177 3579 legi-

134 3589 197 3666 bus
226 3583 405 3686 rebusque
419 3583 830 3672 consentiensmaximc
875 3597 947 3676 Sed
960 3621 1105 3699 tempus
1121 3594 1176 3670 est

123 3697 278 3782 'dicendi
292 3699 339 3778 de
361 3694 485 3778 nostra
506 3699 690 3798 editione,
720 3703 886 3813 quidque
907 3712 944 3790 in
959 3739 999 3791 ea
1019 3706 1176 3789 curanda
1284 3733 1289 3761 ¹

130 3840 249 3900 actum
269 3811 327 3892 stt.

558 3943 561 3948 ’
624 3975 691 4047 c4
1088 3955 1179 4034 1.G.
