2850 4625
340 181 658 322 auuntrvrd
681 253 772 323 ura.
795 253 877 320 otu.
1046 249 1104 342 rr,

123 391 351 462 frumentariae
367 391 520 486 provisis,
538 381 627 487 'r'apit
649 388 833 464 exercitum
854 404 1177 478 transmontemrtv.
1227 376 1231 386 ¹

123 485 283 562 Taurum,
307 485 529 578 recuperandis,
552 505 589 558 ut
603 482 747 563 ferebat,
779 487 1021 578 Tigranocertis,
1043 478 1167 590 νει-8160·

45 629 57 646 ,,
116 569 299 665 flandisque
314 569 504 666 regionibus,
532 611 534 618 ,
564 597 620 642 aas
643 569 776 642 Corbulo
796 581 935 666 integras
953 545 1176 676 amissioni}
1218 631 1222 636 ,

122 665 164 730 Et
181 682 273 752 capta
284 662 443 752 quaedam
451 597 592 732 castelia:
615 662 805 753 'gloriaeque
821 662 1001 752 etprnedae
1018 686 1102 744 nou-

122 750 356 842 nihilpartum,
376 749 398 818 sr
413 772 467 819 aut
484 751 621 843 gloriam
638 775 713 824 cum
728 752 852 830 modo,
877 770 932 820 aut
945 751 1102 841 praedam

123 860 198 907 curn
222 862 298 907 cura
321 840 488 910 habuisset·
552 840 949 931 Longinquisitineribus
963 858 1101 930 pertur-
1185 844 1196 889 ἰ

121 927 243 1023 fando,
273 951 358 1020 quae
372 930 516 998 obtineri
534 934 730 1020 nequibant,
758 949 941 1020 corrupto,
974 930 1032 1020 qui
1046 951 1100 996 ca=

119 1039 197 1110 ptus
213 1035 291 1096 erat,
317 1039 519 1098 commeatu,
543 1019 724 1090 eoinsta'ute
738 1015 802 1086 iam
815 1018 942 1098 liieme,
965 1018 1100 1086 reduxit

120 1107 317 1186 exercitum,
341 1106 595 1200 composuitque
610 1112 651 1178 ad
667 1107 833 1176 Caesarem
848 1107 987 1185 litteras,
1012 1103 1099 1197 quast

118 1191 278 1264 consecto
294 1195 394 1276 bello,
420 1197 530 1266 verbis
544 1197 735 1289 magnificis,
758 1220 867 1264 rerum
885 1219 1011 1264 vacuas.
1045 1199 1098 1264 ln·
1128 1211 1151 1279 9
1249 1246 1256 1262 .

118 1287 216 1354 terim
240 1285 388 1354 Corbulo
409 1309 573 1391 nunquam
596 1289 778 1378 neglectam
798 1285 971 1376 Euphratis
992 1286 1097 1375 ripam

117 1375 344 1442 crebrioribus
359 1373 522 1465 praesidiis
538 1375 672 1446 insedit:
710 1399 754 1455 et,
775 1399 817 1443 ne
859 1377 930 1443 onti
947 1375 1097 1442 inlicien-

117 1465 164 1532 do
188 1465 232 1530 im
259 1463 458 1533 edimentum
490 1465 620 1534 hostiles
648 1488 774 1536 turmae
804 1398 976 1541 adenem,
1013 1464 1097 1550 (iam

114 1554 205 1621 enim
221 1487 371 1621 AEbiectis
393 1556 515 1646 campis
548 1579 660 1646 magna
682 1553 791 1647 specie
814 1554 1009 1632 volitabant)
1040 1575 1097 1619 na-

115 1666 178 1712 ves
200 1643 424 1732 magnitudine
445 1643 661 1734 praestantes,
701 1665 735 1711 et
757 1666 922 1711 connexas
939 1642 1097 1719 trabibus,
1121 1707 1124 1713 .

114 1756 154 1800 ac
171 1733 313 1816 turribus
330 1752 459 1811 auctas,
491 1735 556 1822 agit
572 1757 633 1823 per
650 1755 796 1810 amnem,
817 1732 1098 1830 catapultisqueet

112 1820 235 1890 balistis
251 1821 426 1912 proturbat
436 1821 600 1890 barbaros.
626 1823 658 1888 in
674 1843 758 1910 quos
774 1819 846 1888 saxa
861 1843 893 1888 et
908 1819 1013 1888 hastae
1025 1819 1098 1886 lon—

113 1911 191 2002 gius
214 1909 439 2002 permeabant,
465 1933 561 2000 quam
576 1931 612 1978 ut
629 1910 796 1978 contrario
811 1907 996 1998 sagittarum
1012 1909 1098 1975 iactu

52 2003 57 2008 ’
112 2003 387 2091 adaequarentur.
455 2000 545 2068 Dein
566 2023 651 2092 pons
674 1999 900 2078 continuatus,
930 1997 1099 2088 collesque

111 2086 243 2158 aduersi
258 2110 318 2178 per
333 2084 434 2154 socias
453 2087 620 2170 cohortes,
643 2086 719 2180 post
733 2088 899 2178 legionum
913 2085 1020 2154 castris
1038 2109 1098 2152 oc·
1198 2135 1204 2145 .

110 2197 290 2267 cupantur,
313 2196 388 2244 tant·
415 2176 599 2258 celeritate,
622 2199 655 2246 et
670 2175 888 2246 ostentatione
901 2176 1038 2263 virium,
1059 2172 1098 2243 ui

111 2265 240 2343 Parthi,
265 2263 379 2334 omisso
394 2287 508 2359 paratu
518 2268 849 2353 invadendaeSyriae,
865 2265 954 2358 spem
962 2288 1095 2333 omnem

108 2359 148 2425 in
172 2354 360 2423 Armeniam
383 2375 560 2425 verterent.
622 2360 672 2441 Ibi
696 2360 827 2443 faetus,
856 2357 1096 2437 imminentium
1116 2383 1149 2426 to

108 2443 254 2525 nescius,
279 2440 423 2535 quintam
437 2446 599 2537 legionem
613 2447 733 2539 procul
747 2448 780 2513 in
804 2450 912 2513 Ponto
936 2446 1094 2520 habebat;
1132 2462 1135 2465 ’

91 2536 256 2627 ‘reliquas
271 2534 463 2624 promiscuis
485 2537 621 2617 militum
645 2535 881 2607 commeatibus
906 2531 1094 2615 infirmave-

105 2646 179 2705 τηις
216 2624 345 2704 donec,
369 2626 546 2693 adventare
568 2622 758 2716 Vologesen
780 2645 898 2713 magno
915 2642 947 2688 et
967 2619 1092 2688 infenso

105 2716 253 2806 agmine,
277 2714 433 2783 auditum.
479 2716 617 2783 Accimr
631 2712 935 2805 legioduodecima,
958 2732 1002 2790 et,
1018 2716 1094 2778 ¹un·-

106 2808 153 2875 de
171 2802 290 2871 famam
307 2806 394 2883 aucti
416 2805 580 2873 exercitus
605 2802 804 2893 speraverat,
838 2802 970 2893 prodita
991 2797 1092 2867 infre-

104 2894 264 2987 quentia:
301 2915 364 2983 qua
387 2913 494 2961 tamen
510 2895 641 2960 retineri
665 2890 779 2970 castra,
804 2911 837 2958 et
851 2890 938 2958 eludi
954 2890 1090 2956 Parthus
1175 2975 1178 2980 ἱ

102 3004 220 3051 tractu
240 2980 316 3053 belli
332 3002 471 3072 poterat,
495 2980 516 3048 fi
533 2986 632 3051 Paeto
650 3004 704 3050 aut
719 2983 751 3048 in
766 2979 839 3058 suis,
861 2980 961 3047 autin
978 2978 1089 3044 alienis

103 3070 255 3142 consiliis
272 3068 448 3141 constantia
466 3070 580 3139 fuisset.
627 3074 754 3139 Verum
774 3070 864 3137 ubi-a
880 3069 958 3135 uiris
972 3067 1090 3133 milita-

100 3165 202 3231 ribus
220 3158 371 3227 adversus
386 3180 537 3251 urgentes
552 3159 638 3229 casus
655 3159 893 3237 firmatus-erat,
915 3156 1032 3234 rursus,
1048 3180 1091 3223 ne

101 3252 238 3323 alienae
261 3246 436 3319 sententiae
458 3252 606 3341 indigeas
629 3251 818 3333 videretur,
847 3250 881 3315 in
904 3245 1030 3315 diversa
1051 3268 1089 3313 ac

520 3340 677 3424 Ddd3
997 3336 1089 3403 dete-

135 3518 145 3549 ι
162 3496 231 3547 Vnde
238 3493 399 3559 firmanum]
414 3498 464 3547 MS.
473 3480 583 3565 Florxd'.
616 3496 722 3547 Rhenani
735 3493 826 3545 edite.
835 3495 934 3550 edimm,
946 3494 1025 3545 nescio
1036 3510 1086 3559 qut

98 3586 138 3633 pr,
146 3566 229 3632 firma
237 3562 386 3625 sperauerat.
403 3567 469 3631 quud
488 3582 551 3615 reete
566 3568 583 3615 l.
615 3565 748 3621 detrusa,
769 3578 809 3612 aut
822 3566 894 3621 unde,
902 3564 1000 3625 sperat,
1017 3566 1084 3626 quoa

98 3634 257 3686 Gronovius
270 3648 356 3681 monet
368 3634 533 3696 corrigendum
547 3634 584 3681 su·
616 3630 705 3697 Lipsius
728 3631 849 3693 ceterique
873 3646 964 3679 temere
996 3645 1083 3679 omnes

97 3704 231 3771 irsejivma
241 3698 341 3761 sparum
360 3713 418 3749 erat.
460 3702 498 3749 Sic
518 3702 582 3755 xlv,
614 3698 760 3749 secrttisunt.
805 3698 958 3760 Egointerea
974 3712 1083 3745 veterem

99 3777 139 3821 ⁶2.
156 3788 189 3821 err
205 3767 271 3829 elusi
290 3780 344 3815 erar
362 3768 450 3817 sartula
468 3768 580 3831 eluserat:
614 3766 741 3817 lectionem
753 3766 860 3829 repoliri.
889 3768 1004 3813 Ceterum
1010 3764 1084 3827 juata

98 3841 142 3889 ubi
158 3841 232 3887 uide.
270 3835 315 3882 Sed
334 3838 480 3888 Puteolanus
498 3838 580 3899 potius
610 3838 934 3899 sperotoeroeverumqurto.
952 3830 1085 3895 lustraren-

96 3908 212 3957 correxit
221 3902 317 3969 sirmam
324 3904 471 3965 sperauerat.
504 3905 584 3973 Atque
619 3896 845 3961 ritantstgnorum:
864 3896 1085 3964 infrequentiofigna

97 3976 135 4025 ita
148 3988 245 4025 omnes
258 3970 313 4035 poll
334 3987 392 4025 eun
411 3972 516 4023 edidfle.
559 3974 585 4021 ln
618 3970 686 4035 saepe
694 3968 789 4019 bivinus
808 3966 857 4018 stre
869 3969 940 4017 etiam
953 3966 1084 4080 legionqm,
1145 4030 1148 4036 Ι

1006 4050 1020 4082 2
1050 4048 1089 4080 rra
