2850 4625
473 258 870 343 PRAEFATIO

154 414 206 504 ab
215 414 666 534 semidoctointerpolatum
680 445 797 527 putat.
849 426 1199 527 lnpnmisobservn

158 534 210 624 vi,
236 555 431 635 utrumque
456 536 642 614 Codicem
663 532 817 612 subinde
839 558 987 638 peccare
1007 536 1198 623 omiffinne

158 642 309 756 syllabae
324 647 471 723 alicuius
485 648 634 727 mediae.
651 646 722 726 vid.
737 647 832 725 dicta
847 644 891 723 ad
912 650 961 725 A.
978 650 1022 737 11,
1038 652 1091 743 63.
1105 678 1198 734 con·

158 754 300 846 fufione,
318 757 524 857 syllabarum
541 752 585 837 de
601 781 639 837 et
655 754 714 838 di:
736 757 925 837 omissione
939 758 1080 837 litterae
1105 786 1138 843 ra
1159 768 1199 849 in

158 868 377 953 accusativis.
431 868 580 948 Habere
592 892 632 946 et
643 865 856 971 glossemata,
881 870 1033 949 constat.
1060 871 1134 950 vid.
1145 878 1200 955 di·

157 1004 217 1059 cta
231 979 277 1058 ad
293 983 392 1071 XVI,
405 1004 434 1058 2.
488 980 661 1058 Ceterum
671 997 725 1057 'ex
738 980 965 1059 hocCodice
978 984 1201 1063 omnesalior

157 1090 281 1169 Taciti
298 1092 403 1173 MSS.
423 1090 570 1187 fluxisse,
594 1114 636 1169 ut
652 1096 678 1170 l.
694 1093 909 1171 Gronovius
922 1093 1066 1171 videtur
1082 1095 1202 1174 credi·

158 1201 303 1295 didisse,
344 1227 420 1281 non
438 1204 585 1304 audeam
607 1200 789 1282 affirmare.
843 1205 1032 1309 Specimen
1051 1203 1204 1310 scriptu·

158 1335 220 1391 rae
234 1338 280 1392 ex
295 1316 337 1401 L.
354 1316 433 1393 XII.
449 1315 578 1393 Annal.
595 1313 980 1395 inseruitMabiilonius
995 1316 1116 1421 Operi
1131 1318 1202 1397 Di·

159 1424 369 1532 plomatico‚
384 1428 427 1503 L.
443 1426 492 1505 V.
509 1427 601 1509 Tab.
610 1452 640 1526 5.
665 1454 703 1505 n.
719 1452 748 1525 5.
774 1453 813 1530 p.
822 1454 885 1524 553.
1341 1433 1345 1437 ’

231 1590 324 1727 Ῥοίὶ
339 1646 409 1725 hos
429 1647 672 1753 principatum
694 1668 823 1725 tenent
849 1640 992 1728 Codices
1014 1648 1199 1741 Vaticani,

158 1749 264 1863 (nam
280 1758 437 1863 Lipfium
452 1760 611 1861 piuribus
626 1757 742 1859 usum,
755 1771 833 1835 non
844 1785 935 1859 uno,
947 1781 990 1837 ut
998 1760 1143 1862 colligas
1151 1784 1200 1839 ex
1290 1804 1295 1809 *

157 1894 218 1962 eo,
231 1870 420 1973 quodfere
435 1874 649 1957 Vaticanum
658 1867 1114 1974 Codicemlaudatpatetex
1127 1876 1199 1948 rio·

156 2003 194 2059 ta
215 1980 261 2059 ad
282 1983 426 2085 Dialog.
451 1986 498 2063 de
523 1987 593 2063 Or.
617 1984 713 2064 inin·
730 2008 814 2077 narn
845 1986 1034 2063 Vaticanis
1055 1976 1203 2077 aiant,
1337 2034 1344 2054 =

155 2088 220 2171 sed
235 2116 312 2171 uno
328 2118 373 2171 ex
381 2094 449 2191 his,
473 2094 667 2197 antiquiori
683 2093 756 2188 iilo,
781 2095 981 2199 inprimis)
1009 2117 1046 2173 et
1062 2098 1203 2177 Fome-

62 2272 65 2277 ,
144 2200 296 2307 finnus,
331 2229 488 2308 quorum
509 2228 675 2309 excerpta
696 2205 1049 2309 Lipsrumhabuiiie,
1082 2208 1201 2307 iisque
1351 2279 1355 2291 .

156 2317 351 2422 plurimum
367 2319 530 2399 adiutum
546 2317 616 2399 effe
631 2319 670 2396 in
684 2316 916 2397 emendando
931 2320 1093 2422 Tacito,
1120 2318 1201 2396 satis

112 2499 118 2508 .
158 2429 300 2507 exeius
313 2433 579 2512 commentario
595 2432 745 2511 constat.
799 2432 940 2533 Optem
956 2453 1040 2507 eum
1058 2431 1201 2508 Grute-

153 2536 1202 2756 {iffibiffiubbssibssss‘tztsssspssssss‘ss

157 2764 312 2846 editioni
326 2764 407 2845 suae
422 2765 615 2872 adiungere
634 2763 844 2844 instituisset.
901 2767 973 2844 Sed
998 2765 1035 2842 id
1052 2787 1200 2867 tempo·

154 2899 239 2956 rum
255 2868 405 2956 istorum
411 2879 569 2957 rationes
582 2901 660 2956 non
675 2875 849 2967 ferebant,
873 2899 917 2954 ut
931 2899 1014 2954 ante
1022 2877 1111 2956 dixi.
1125 2879 1203 2968 ,Ne

10 2997 12 3006 ’
152 2985 313 3070 sennam
337 2989 485 3092 quidem
503 2986 629 3070 Codd.
652 2986 869 3092 scripulum,
894 3012 1060 3078 aetatem,
1084 2989 1124 3064 in
1141 3009 1200 3066 tot
1229 3042 1235 3052 ,

12 3121 19 3134 ¹
154 3099 377 3180 editionibus
390 3099 565 3204 prodidit,
590 3099 693 3200 quod
707 3099 838 3178 merito
854 3103 1003 3178 miratur
1017 3103 1085 3178 Iac.
1096 3100 1198 3176 Gro-

152 3235 246 3289 nov.
259 3212 303 3290 ad
321 3215 420 3292 Anu.
435 3217 463 3305 Ι,
478 3233 501 3294 1.
556 3210 722 3292 Norisrus
737 3212 776 3289 in
802 3212 963 3313 Epochis
991 3212 1202 3309 syro-Mac.

143 3321 244 3406 viss.
262 3326 377 3425 111.p.
394 3337 466 3420 184„
481 3323 541 3404 ed.
557 3321 653 3426 Lips.
663 3346 738 3426 tres
753 3323 876 3404 Codd.
895 3327 1015 3402 Vatic.
1037 3343 1202 3396 comme·

152 3455 287 3536 morat,
300 3436 464 3538 prinum
480 3435 575 3514 inter
590 3435 780 3515 Vrbinateo
805 3460 843 3514 n.
857 3452 927 3530 585.
952 3431 1150 3512 secundum
1163 3451 1204 3507 et

151 3547 305 3627 tertium
319 3573 356 3625 n.
371 3563 462 3647 1958.
474 3569 514 3625 et
536 3569 637 3651 3405.
662 3543 848 3649 signatum.
928 3547 980 3626 Hi
994 3545 1071 3623 duo
1086 3569 1131 3622 an
1147 3541 1202 3619 di-

151 3655 246 3737 versi
265 3656 520 3740 fintaduobus
543 3657 825 3749 recentioribus,
861 3657 991 3760 quibus
1008 3652 1205 3735 Montesal·
1274 3757 1284 3763 .

149 3769 286 3849 eonius
311 3775 577 3876 n.1863.1864
601 3767 774 3870 adfignan
799 3766 936 3848 nescio.
1016 3769 1117 3846 Idem
1141 3764 1204 3842 Li-

146 3879 250 3990 psius
272 3883 392 3990 laudat
415 3880 567 3964 subinde
591 3873 753 3965 codicem
780 3880 1000 3998 Hispanum,
1050 3878 1114 4069 qgi
1136 3873 1206 3950 fuit

632 4017 697 4088 ²5
1097 4011 1205 4068 noar·
