2850 4625
44 34 53 53 ='
140 34 154 62 Ι

131 149 152 201 x
273 191 296 298 J
337 175 343 184 ’
384 216 686 292 ANNALIVM
731 217 821 286 uo.
844 220 906 289 vs.
1074 245 1131 311 415

44 466 57 499 .,
277 358 724 466 coruom
765 319 1087 469 T'Acscl

297 606 522 713 ‘cussv
557 529 1038 713 ofbsnvuvsn

44 772 163 844 ·’
326 771 622 952 cun
696 775 1126 945 Livio

230 1113 237 1120 ,
338 999 563 1104 LIBER
613 999 923 1110 SEXTVS.

432 1229 681 1290 laturarium
721 1225 841 1292 Lisci.

532 1309 551 1332 l
1035 1329 1041 1338 ,
1116 1325 1118 1330 .

149 1349 261 1412 liberii
273 1367 402 1408 anemae
414 1365 446 1408 et
453 1345 559 1428 foedae
568 1348 711 1410 libidines.
733 1349 898 1410 Multorum
912 1345 1125 1428 accusationes:

179 1439 319 1512 interque
332 1453 379 1491 cos
391 1435 438 1494 M.
456 1435 587 1492 Terentii
598 1436 704 1512 equitis
717 1434 751 1493 R.
767 1435 847 1492 cuius
861 1435 953 1492 libcra
966 1451 995 1494 ct
1009 1442 1124 1516 egregiae

180 1515 306 1596 desenfio
317 1513 438 1595 inlicta.
457 1517 491 1577 1..
508 1514 620 1596 Pilbuis
632 1515 784 1596 Pruejicti
797 1515 878 1576 urbis
890 1523 966 1578 seiors
978 1534 1008 1576 et
1013 1517 1126 1596 sinouse

181 1620 211 1663 et
219 1616 279 1680 per
291 1598 458 1679 occafioncm
471 1601 506 1660 dc
520 1603 630 1680 origine
643 1601 703 1658 cius
719 1605 851 1660 errauerit.
861 1617 889 1661 et
897 1615 1005 1682 progna
1026 1597 1052 1661 u.
1074 1605 1123 1662 Dc

181 1683 366 1748 Sibullarum
380 1681 555 1743 carminibus
567 1685 741 1764 recipiendis
755 1679 926 1764 consultatio
932 1709 943 1740 .·
963 1699 992 1742 et
1005 1704 1077 1766 quae
1091 1691 1122 1748 iet

182 1774 221 1831 iis
233 1769 343 1830 cautio.
393 1767 503 1828 Seditio
515 1767 618 1828 Romae
631 1765 664 1826 ob
675 1771 860 1848 gravitatem
873 1787 1005 1829 annonae.
1049 1772 1124 1831 Ger-

181 1855 294 1916 manici
309 1852 385 1911 duac
391 1851 477 1934 filiae
493 1866 618 1931 nuptum
630 1851 728 1922 datae,
753 1853 785 1912 L.
797 1848 891 1932 Caffio,
904 1865 932 1911 et
945 1854 988 1912 M.
1004 1853 1122 1916 Vinicio.

180 1939 393 2000 Foenerotores
412 1934 557 2014 uetustati,
589 1928 726 2016 repressae
745 1933 857 2016 usurae.
892 1949 920 1994 et
944 1929 1124 1998 liberalitate

181 2018 320 2100 Caesaris
326 2019 405 2102 fides
415 2019 572 2079 insulsorum
586 2016 708 2098 refecta.
729 2021 842 2079 lterum
857 2018 1051 2098 accersitiones
1063 2042 1124 2081 eun·

182 2105 315 2185 iestatis:
344 2117 375 2162 et
393 2123 448 2163 uno
462 2105 555 2163 edicto
567 2124 660 2162 omnes
675 2099 780 2182 conscii
801 2103 971 2164 Seianianae
989 2108 1124 2166 coniura-

182 2192 274 2252 tionis
284 2189 391 2248 necati.
438 2187 469 2248 C.
482 2185 589 2266 Caefim
603 2187 735 2266 Caligula
748 2188 899 2247 Claudiam
912 2209 1031 2249 eruorem
1045 2193 1122 2250 acci-

182 2279 254 2358 pit:
283 2274 344 2331 eius
369 2290 462 2333 mores
480 2285 510 2347 et
528 2271 637 2332 callida
645 2268 795 2351 simulatio
811 2274 840 2333 iu
860 2293 954 2334 aucerre.
1010 2273 1124 2335 Tiberii

181 2356 371 2440 praestigium
393 2357 430 2415 de
450 2357 512 2417 Ser.
531 2354 644 2415 Galba:
667 2372 696 2416 et
705 2371 761 2437 pes·
782 2350 903 2437 eauffleeu
922 2378 984 2418 eom
1002 2358 1038 2417 de
1053 2358 1125 2419 Ma·
1156 2390 1165 2413 i

185 2442 356 2505 tbeeuaticis
375 2438 493 2519 aliquid
509 2456 538 2500 et
563 2438 723 2519 Tbrusssllo.
778 2440 871 2519 Druss
884 2440 1052 2501 Germanici
1062 2440 1125 2522 filii
1189 2509 1193 2517 Ι

153 2574 157 2577 -
183 2525 352 2608 miseranda
365 2544 462 2583 euers:
483 2527 552 2584 item
565 2527 756 2605 Agrippinae.
797 2525 899 2583 Nerva
913 2522 1126 2602 lurecunfieltut

183 2612 284 2673 inedia
303 2608 475 2675 voluntaria
492 2607 573 2668 obiit.
605 2608 720 2687 aliquot
732 2607 856 2665 aliorum
870 2608 1033 2687 inlustrium
1046 2628 1124 2667 resor-
1223 2603 1226 2615 ¹

182 2712 236 2759 tes.
261 2691 413 2771 ‚Phoenix
425 2694 456 2751 iet
469 2692 600 2792 el‘ypte
613 2692 695 2769 vilic,
721 2688 849 2769 etfleper
862 2712 895 2748 ea
911 2706 1041 2751 veterum
1052 2712 1125 2751 etar-

182 2780 316 2842 ratiancs
327 2797 364 2835 ac
378 2777 498 2835 iudicia.
540 2774 742 2855 Accufictiones
756 2776 859 2834 uariae
874 2790 903 2833 er
913 2790 1028 2836 mortes.
1049 2776 1127 2837 Pac·

182 2862 300 2925 thorum
322 2858 415 2939 legati
436 2863 468 2920 iet
487 2856 585 2919 urbem
607 2880 717 2929 uenere,
742 2859 785 2917 ad
798 2879 900 2919 uousem
910 2880 1006 2939 regem
1023 2874 1126 2939 peten-
1213 2870 1222 2877 '

187 2948 264 3007 dm.
284 2960 315 3004 et
332 2942 468 3005 Tiberius
481 2965 578 3012 unum,
598 2945 703 3004 deinde
716 2942 843 3003 alterum
856 2942 938 3023 ncifit.
980 2943 1015 3007 L.
1033 2944 1126 3005 Vitel-

184 3030 243 3091 lius
256 3029 376 3089 Orienti
382 3025 556 3107 praeflatus
562 3050 574 3084 .·
592 3026 706 3108 eiusque
721 3030 875 3108 ingenium:
916 3026 1033 3087 Proelia
1045 3030 1124 3087 inter

183 3115 337 3176 Armenios
358 3126 388 3170 et
406 3109 542 3171 Parthos.
583 3112 753 3171 Artabanus
775 3128 861 3191 reguo
879 3126 1009 3181 exortus,
1043 3127 1073 3171 et
1094 3114 1125 3171 in

187 3196 337 3271 Scythiam
348 3189 505 3274 profligas,
523 3197 572 3254 cui
586 3196 741 3255 Teridates
748 3192 896 3275 fiefficc'tur
915 3194 1024 3257 Vitellii
1035 3192 1125 3275 confi·

186 3283 226 3342 lio
240 3298 270 3341 et
284 3282 387 3339 armis.
419 3280 462 3339 Ar
473 3278 577 3339 Romae
589 3280 739 3359 iluslriuest
752 3280 950 3340 damnationes
965 3294 994 3339 et
1007 3296 1124 3341 mortes.

183 3366 280 3426 Clitar
293 3361 477 3443 Cappadoces
489 3352 554 3445 rogi
559 3361 614 3443 fico
627 3362 742 3423 rebelles
757 3379 787 3422 et
799 3358 919 3443 repreffl.
970 3364 1126 3425 Teridates

182 3472 241 3511 rere
259 3444 371 3531 dffdio
389 3461 546 3530 procerum
562 3448 690 3525 pellitur,
711 3463 741 3507 ec
762 3443 930 3507 Artabanus
953 3450 983 3506 ies
1005 3469 1038 3505 re
1057 3466 1126 3509 ecum

184 3538 293 3594 iterum
300 3534 427 3593 accitur.
466 3530 571 3591 Romae
582 3532 743 3591 incendium
755 3547 864 3591 atron:
883 3532 961 3609 quod
971 3468 1075 3609 Caelber
1089 3532 1127 3593 li·

182 3617 343 3681 beralitate
358 3614 418 3697 fiea
442 3616 602 3694 mitigavit.
649 3603 764 3675 Tite'ru
779 3612 950 3674 deliberatio
966 3616 1000 3672 de
1010 3611 1125 3695 succes

139 3760 143 3765 ,
178 3698 264 3783 lise:
284 3698 400 3783 eiusque
417 3696 533 3763 morbus
554 3714 682 3766 ermors.
731 3696 814 3780 Gella
827 3696 990 3759 baccaeme‘s
1004 3701 1125 3765 circiter

180 3784 244 3869 s...
666 3803 671 3813 ·

1063 3974 1126 4024 CN.
