2850 4625
407 188 554 267 nnn
568 190 602 266 n
615 188 691 270 ra
706 188 776 268 τι
791 192 831 267 0
998 278 1011 290 ⁵
1116 139 1121 149 ’

95 338 426 423 comburendo
441 340 534 419 Vtri
550 342 774 435 venerandi,
797 339 1074 438 Bartholomaei,
1095 342 1164 446 qui
1207 307 1211 316 ¹
1298 414 1302 421 ,

102 450 152 525 in
173 452 467 549 adtffinarienffi
484 456 569 559 pari
596 480 679 533 curn
697 454 889 534 doctrinae
909 478 946 533 et
967 453 1161 534 sanctitatis
1317 517 1326 535 .

109 564 223 655 iande,
261 564 354 645 [acra
376 569 486 661 facit,
511 573 721 675 exemplum
736 570 912 684 editionis
924 568 1162 661 Parisrnae‚·a

117 678 261 756 Mordio
282 692 362 760 1612.
383 684 596 779 duodenis,
608 684 652 762 ad
667 685 819 789 Lipsrani
834 709 957 763 textus
971 683 1171 783 exemplar,-

119 788 237 885 sm,
258 798 362 897 quod
384 800 481 876 olim
502 798 644 877 Heinfii
662 800 750 893 fuit,
780 799 976 902 paffitnque
995 816 1166 875 notamen

112 931 184 985 crat
195 911 268 987 eius
280 905 404 992 mand.
456 912 535 989 Sed
550 912 694 989 chartae
700 913 749 991 ita
761 911 982 990 diffuderant
996 906 1166 989 transmi·
1181 914 1185 926 ’

106 1018 296 1125 [ermque
310 1050 575 1122 atramentum,
594 1050 637 1102 ut
651 1052 731 1103 raro
747 1024 957 1219 scrffiumm
975 1026 1108 1127 affequi
1123 1025 1166 1103 li·
1191 1099 1193 1102 .

107 1158 267 1343 {iffa
295 1140 856 1348 ffaafflzffiffiffizn,
882 1141 1167 1359 diffini

111 1362 273 1445 aiiosiam
282 1396 467 1477 repertas,
492 1370 762 1472 velincognitas
775 1370 969 1463 antemihi
992 1396 1081 1474 quas
1094 1394 1167 1446 no·
1254 1405 1257 1413 ·

104 1500 185 1555 tare
196 1508 417 1588 coeperam,
448 1486 539 1565 durn
556 1482 635 1589 spes
652 1482 817 1562 adfertur
828 1485 877 1563 de
890 1487 989 1563 notis
1003 1481 1166 1564 Heinsra·

95 1594 157 1671 ιώ
171 1622 198 1673 e
209 1599 364 1678 Batavis.
443 1600 572 1701 Itaque
587 1598 689 1679 nolui
708 1598 844 1678 diutius
858 1602 974 1678 oculis
988 1599 1078 1677 meis
1092 1598 1167 1677 vim

94 1708 236 1791 facere.
254 1760 271 1793 .
309 1714 370 1793 Ex
384 1714 517 1791 eadem
538 1712 763 1793 Bibliotheca
781 1715 871 1793 mihi
891 1712 1094 1817 subiniffitm
1113 1712 1167 1790 est
1275 1804 1280 1807 ,

93 1828 317 1931 mptum
337 1828 647 1909 Berneceerianae
663 1826 858 1923 editionis,
888 1829 993 1931 quod
1012 1828 1168 1908 Schurz·

96 1936 253 2018 reisdni
270 1970 388 2024 manu
409 1944 451 2021 in
471 1944 631 2047 margine
653 1963 821 2021 notatum
836 1943 1026 2023 diceretur.
1096 1938 1170 2019 S'ed

98 2052 148 2130 ibi
174 2083 339 2161 qnoque
368 2084 484 2161 quarn
525 2082 641 2162 pauca
670 2058 868 2162 repererim
898 2056 1006 2162 digna
1037 2058 1169 2149 relatu,
1223 2146 1234 2163 θ

101 2174 242 2251 euntis
256 2174 403 2253 nostris
418 2170 632 2277 optinebit·
678 2176 854 2255 Ceterum
873 2172 998 2277 etipse
1018 2190 1170 2273 operam

104 2289 208 2388 dedi,
230 2313 274 2368 ut
288 2286 543 2367 examinandis
559 2284 750 2388 diiigenter
766 2288 884 2377 verbis
902 2284 1028 2369 Taciti
1050 2281 1172 2363 omni-

107 2401 175 2478 bns
195 2401 431 2506 reperirem,
474 2402 537 2480 ubi
551 2405 612 2480 vel·
629 2403 870 2507 interpolatus
886 2405 989 2498 eiset,
1015 2402 1074 2480 vel
1088 2423 1172 2476 cor-

107 2541 248 2622 tunm.
301 2517 349 2594 ln
364 2539 447 2616 quo
461 2539 581 2596 tamen
596 2519 678 2606 hac,
700 2531 744 2595 ut
759 2515 888 2611 debui,
914 2518 1173 2597 moderatione

108 2636 305 2727 nsnssum,
344 2651 391 2706 nt
404 2627 497 2708 nihil
516 2653 693 2711 mutarem
705 2630 754 2708 de
774 2629 987 2710 coniectura
1002 2634 1041 2710 in
1056 2657 1174 2725 tem,

110 2750 172 2828 ubi
188 2777 271 2830 mn
297 2743 491 2825 evidentia
514 2748 599 2827 effet
614 2817 615 2822 t
629 2773 689 2841 ea,
735 2745 795 2823 cui
819 2749 986 2849 quemvis
1006 2771 1172 2853 putarem

111 2867 297 2947 oeffimnn.

185 3076 258 3158 Sed
271 3075 338 3156 hic
354 3067 454 3150 m'dri
469 3067 636 3150 audaciae
655 3067 789 3150 invidia
810 3066 1040 3175 deprecanda
1062 3075 1116 3151 est
1135 3075 1175 3156 in

117 3215 172 3284 eo,
194 3191 297 3294 quod
312 3214 403 3271 non
418 3207 502 3265 uno
517 3189 604 3266 loco
619 3214 678 3264 rne
695 3186 915 3279 existimare,
937 3212 997 3266 aut
1012 3188 1175 3293 suspicari

119 3307 282 3407 proitffus
310 3305 422 3400 sum,
458 3302 636 3381 Tacitum
658 3300 922 3403 interpolatum
952 3302 1041 3396 effe,
1071 3330 1112 3383 ut
1127 3315 1174 3390 A.
1219 3291 1226 3300 χ
1276 3368 1288 3382 ,,

124 3421 206 3518 XVI,
215 3451 243 3502 ι
256 3425 297 3506 in
314 3443 424 3504 voce
444 3411 626 3513 rasoribus,
650 3413 691 3492 in
705 3415 833 3492 Genn.
855 3441 908 3510 39.
923 3441 961 3493 et
982 3416 1067 3497 aliis
1076 3447 1175 3501 non.

125 3537 206 3620 nude
221 3543 326 3624 iocis.
407 3526 555 3611 Poffim
577 3555 636 3606 rne
654 3528 768 3620 tueri,
795 3526 902 3625 sociis
925 3531 1023 3639 istius
1047 3539 1184 3640 eulpae-
1217 3605 1221 3612 .

126 3647 461 3739 onnenorandis.
542 3641 724 3722 Gruterus
737 3639 889 3742 quidem
907 3643 1029 3745 paffitn
1051 3653 1176 3749 έμβλῆ.

122 3809 182 3870 μη,
195 3775 383 3888 ffgmstjt,
415 3755 669 3864 reprehensus
683 3749 891 3836 eonoinine
906 3760 1178 3842 alacoboGro·

886 3917 892 3922 ·
1061 3875 1180 3950 novio
1251 3886 1258 3934 ἱ
1301 3857 1306 3870 “
