2850 4625
384 251 885 324 nnuanrvarmaav.
1070 275 1131 352 aar

45 386 46 473 f
143 393 286 464 serebat.
315 394 359 464 Et
372 393 545 487 postquam
560 393 708 473 Sabinus,
730 414 768 463 ut
783 391 855 464 sunt
869 395 984 466 molles
996 396 1036 464 in
1045 399 1208 468 cala-av.
1227 473 1232 476 ,

45 508 47 565 ζ
148 486 263 552 mirate
276 484 465 552 mortalium
481 485 589 564 animi,
610 480 730 552 effudit
745 483 902 567 lacrimas,
925 487 1033 556 iunxit
1048 480 1207 595 que-'3⁸¹2

45 588 47 613 ³
150 571 234 656 sbu3
254 572 425 642 audentius
439 574 505 641 iam
521 592 637 668 onerat
650 573 812 655 Seianum,
829 572 1003 656 saevitiam,
1019 573 1131 668 super·
1150 545 1209 672 ,ξ’
1271 605 1275 612 ·

151 663 250 741 biam,
277 661 350 753 spes
372 663 452 731 eius.
499 685 542 730 ne
562 664 596 730 in
620 662 795 731 Tiberium
816 666 1130 756 quidemconvicio
1245 662 1252 676 '

153 749 297 820 abstinet.
319 752 415 842 lique
428 749 606 831 sermones,
632 770 796 843 tamquam
809 755 912 822 vetita
927 750 1131 846 miscuissent,

154 839 324 931 ⁴speciem
342 859 449 908 arctae
464 841 626 909 amicitiae
640 837 759 910 fracere.
819 845 872 912 Ac
889 844 954 912 iam
968 843 1056 912 ultro
1074 846 1130 912 Sa-

150 929 243 997 binus
256 948 418 1020 quaerere
434 929 615 1010 Latiarem,
638 932 797 999 ventitare
812 930 965 1012 domum,
996 931 1129 1002 dolores

45 1024 46 1033 ³
146 1015 234 1098 suos,
258 1016 348 1109 quasi
365 1019 407 1088 ad
420 1013 618 1100 similimum,
641 1016 790 1104 deferre„
828 1019 1029 1102 Consultant,
1044 1019 1183 1124 quos69

143 1107 352 1187 memoravi,
376 1130 520 1199 quonam
536 1111 640 1178 modo
657 1107 857 1203 caprarium
872 1111 985 1180 auditu
999 1133 1070 1178 acca
1095 1135 1130 1178 e·
1152 1162 1153 1170 ,

144 1217 273 1267 rentur.
320 1206 393 1264 narn
410 1194 499 1279 loco,
522 1199 557 1266 in
573 1219 671 1291 quem
688 1198 858 1279 coibatur,
882 1199 1037 1268 servanda
1067 1199 1129 1268 oli·
1175 1283 1177 1288 ,

45 1344 46 1361 2
144 1286 273 1354 tudinis
287 1281 405 1354 facies:
429 1307 474 1368 er,
499 1284 626 1377 fipoue
640 1284 732 1355 fores
748 1285 941 1369 adlisterent,
960 1309 1066 1358 metus
1078 1291 1130 1358 vi·
1267 1319 1270 1331 ·

147 1373 208 1456 sus,
232 1373 371 1455 sonitus,
392 1395 446 1444 aut
459 1373 549 1444 sorte
565 1387 572 1414 ¹
587 1396 682 1446 ortae
696 1374 885 1468 suspicionis
901 1398 980 1446 erat.
1033 1377 1046 1404 ²
1059 1380 1130 1464 Te-

146 1485 240 1535 ctum
265 1465 353 1532 inter
377 1480 409 1531 et
431 1463 603 1557 laquearia,
624 1487 692 1533 tres
712 1464 886 1548 senatores,
909 1467 997 1536 haud
1024 1469 1129 1542 minus

146 1554 237 1644 turpi
261 1552 402 1632 latebra,
425 1575 523 1644 quam
544 1553 730 1623 detestanda
754 1553 888 1636 fraude,
919 1555 983 1625 sese
1007 1555 1129 1625 abstru-

148 1641 250 1722 dunr;
272 1639 488 1710 foraminibus
504 1665 538 1711 et
552 1645 642 1711 rimis
657 1667 768 1712 aurem
783 1645 971 1722 admovent.
1001 1649 1129 1716 Interea

147 1731 287 1799 Latiaris
312 1751 482 1820 repertum
503 1733 546 1800 in·
559 1733 696 1824 publico
720 1733 886 1814 Sabinum,
909 1734 1128 1803 velurrecens
1229 1747 1233 1758 '

147 1821 284 1912 cognita
305 1840 508 1900 narraturus,
533 1822 669 1890 domum
690 1841 725 1894 et
746 1824 779 1890 in
801 1821 988 1890 cubiculum
1001 1824 1128 1904 'trahit3

147 1909 394 2004 praeteritaque
408 1931 442 1977 et
455 1908 620 1993 instantia,
642 1935 786 2004 quorum
799 1909 932 1980 adfatim
948 1913 1064 2006 copia,
1088 1935 1127 1981 ac
1222 1937 1228 1950 Χ
1274 1925 1279 1934 ’

148 2021 259 2068 novos
288 1997 613 2069 terrorescumulat.
678 2002 802 2070 Eadem
832 1999 903 2080 ille,
940 2019 974 2068 et
993 2001 1126 2083 diutius,

147 2081 159 2122 ³
173 2107 300 2182 quanto
314 2084 442 2170 maesta,
464 2087 521 2158 ubi
537 2086 635 2162 semel
648 2111 847 2184 prorupere,
869 2081 1032 2160 difficilius
1047 2091 1129 2160 reri-

472 2209 475 2217 .
538 2217 543 2230 ,
1049 2202 1127 2257 effi,

179 2361 200 2411 4
212 2345 317 2410 Sperieaa
327 2359 410 2397 nrm
421 2345 539 2399 amicitiae
552 2343 624 2411 face·
654 2347 697 2398 ubi
709 2346 834 2400 Pausaniae
850 2346 876 2399 in
889 2360 917 2396 oa
930 2346 988 2400 haec
1000 2345 1127 2409 exprobra·

148 2418 204 2474 ra]
221 2416 337 2465 Murena
348 2430 374 2465 er
386 2416 488 2467 Faemua
500 2415 621 2475 legebant,
654 2431 707 2473 ret,
722 2419 784 2481 apud
798 2412 920 2464 conscium
933 2430 981 2463 non
994 2428 1109 2475 negaturo
1119 2428 1128 2461 a

142 2480 232 2547 ficare.
252 2481 340 2533 Placa.
653 2484 743 2547 Ephori
759 2497 839 2533 acuam
857 2481 882 2530 in
900 2482 998 2529 occulto
1018 2481 1126 2535 laterent.

126 2542 129 2550 ’
169 2566 190 2605 ,r
209 2549 288 2598 Ome
299 2547 437 2614 firspiciom'r
454 2553 533 2609 erat]
556 2550 622 2600 llaec
654 2550 747 2615 duplici
767 2550 872 2613 quodam
901 2548 1008 2597 tabulato
1027 2542 1125 2599 disclusa

146 2616 305 2667 elleenani
322 2617 467 2667 coniectura.
490 2617 554 2666 cod}
567 2618 619 2671 MS.
654 2620 711 2668 Pete
736 2617 794 2666 baec
821 2631 835 2664 a
858 2614 1003 2675 Thucydide
1022 2610 1125 2663 disertior

147 2686 221 2734 lectio
235 2700 262 2733 et
278 2700 339 2734 vett.
352 2684 408 2733 edd.
422 2684 456 2732 est
470 2682 622 2747 arraefirspi·
655 2699 763 2734 narrante
785 2682 828 2734 lib.
848 2698 869 2731 r.
912 2682 966 2731 Nec
995 2678 1128 2738 dubitabit,

149 2755 219 2800 einer
231 2764 310 2801 natu.
343 2752 405 2802 miii
418 2764 490 2800 metas
500 2751 564 2813 aifirs
577 2751 621 2800 ali·
655 2752 714 2817 quin
728 2749 840 2816 perfidiae
852 2763 942 2797 norum
956 2750 1091 2811 exemplum
1097 2744 1125 2797 stt

164 2821 203 2869 oid
224 2819 283 2868 duri
305 2820 392 2869 habete
411 2822 512 2868 videtur.
553 2819 621 2885 Qrid
654 2820 738 2869 afarto
747 2811 899 2878 inadustis.
918 2816 1003 2865 Cicero
1011 2813 1127 2879 'l'opiciar
1170 2852 1174 2860 .

147 2834 283 2937 lracitua
294 2887 374 2937 dedit:
392 2900 455 2933 metu
473 2882 544 2947 uisus,
554 2887 620 2947 sini-
654 2886 729 2934 Multi
748 2888 818 2932 eriam
835 2886 859 2930 in
878 2898 916 2930 res
935 2883 1023 2943 odiosas
1041 2884 1127 2944 impra-

148 2966 192 3009 ης,
208 2952 621 3019 urfarreorraeslspict'aneseranr,
654 2952 885 3002 dentesinridmura
913 2962 940 2996 ar
962 2950 1067 3009 deuterio
1085 2964 1127 2999 na·

147 3020 277 3072 buteriam
290 3024 376 3079 marai,
397 3026 462 3071 unde
476 3033 550 3069 metas
562 3022 621 3071 iaci·
650 3034 694 3085 per
706 3020 792 3069 accidit
799 3050 807 3076 ,
823 3020 861 3078 qul
873 3032 901 3064 en
914 3014 1000 3065 locatas
1012 3014 1049 3073 est,
1064 3016 1126 3064 lonis

147 3088 231 3138 lerini
244 3091 337 3153 potuit.
653 3090 713 3135 viris
720 3084 1127 3153 stelauscultaatibur'pariereinrer-

178 3156 300 3206 aTecram
313 3157 568 3217 imernlaqaearr'ad
586 3153 620 3205 Di
649 3150 1023 3221 postro,qaibaspare1itriria
1043 3152 1125 3199 iuditi-
1213 3168 1215 3175 ¹

148 3224 255 3288 deaeque
269 3238 381 3274 auctores
392 3227 493 3289 perdant
505 3238 557 3271 tam
569 3220 620 3271 ste·
652 3231 731 3283 nmque
740 3222 840 3285 prolatis
853 3220 888 3268 rei
902 3218 1009 3283 capitalis
1027 3222 1124 3267 damna-

146 3290 335 3351 lellaesraudia,
351 3293 420 3340 cuitu
436 3306 517 3341 tamen
536 3304 619 3339 exarn-
652 3287 743 3343 ras‘ell.
769 3288 904 3337 Gronovius.
937 3288 1025 3351 Aptius
1044 3302 1123 3335 uun·

146 3359 213 3421 plum
224 3360 255 3409 ab
268 3357 372 3423 lipboria
384 3358 445 3414 ese,
475 3374 563 3408 moneo
582 3358 620 3406 iu·
651 3361 748 3423 plume
760 3356 881 3407 Valenld.
895 3354 936 3410 Vl,
956 3366 983 3417 7,
996 3368 1020 3405 a.
1039 3352 1124 3405 attulit

148 3440 290 3481 remmam,
314 3424 452 3475 Pausaniam
468 3426 563 3489 Spartae
579 3438 619 3473 ra·
653 3428 699 3478 lac.
719 3424 872 3480 Gronovius,
896 3421 939 3469 ubi
960 3422 1022 3469 inter
1046 3435 1125 3471 tana·

146 3506 216 3555 gena.
239 3510 298 3542 rum
318 3493 348 3542 ad
366 3494 478 3557 Ephoros
498 3492 619 3542 detulisset
651 3509 704 3543 ram
724 3505 748 3540 et
765 3502 851 3540 tectam
872 3489 967 3537 cubitali
979 3488 1055 3537 abditi
1075 3504 1123 3537 aar·

146 3561 252 3623 Argilius
273 3560 373 3624 quidam
401 3559 565 3624 proditionis,
594 3573 620 3607 et
652 3571 781 3614 moratur,
808 3554 1124 3619 deramara,s1valaquea-

146 3630 255 3677 occultae
267 3627 540 3690 tumliegesocieaat'trr
555 3642 620 3674 eam·
653 3628 673 3676 ri
692 3627 763 3677 tertia
790 3625 920 3677 subiuncta
940 3621 989 3679 vid,
1013 3623 1075 3673 dicta
1092 3624 1122 3675 ad

147 3710 193 3761 que
209 3697 236 3745 iu
248 3710 303 3743 rem
316 3694 410 3744 litteras
428 3694 483 3743 eiua
504 3692 619 3742 ostendis·
651 3697 754 3745 sueton
768 3694 830 3745 Ner.
848 3706 893 3758 34.

148 3762 189 3810 ser.
205 3778 235 3812 ut
248 3776 332 3811 tamen
354 3760 394 3824 ipsa
407 3776 486 3811 coram
504 3777 532 3810 aa
551 3760 619 3809 audi·
1077 3813 1079 3825 Ι

148 3844 200 3878 rent
218 3828 456 3891 cognoscantque.
486 3826 620 3876 commenti
688 3826 838 3893 antn]
861 3822 899 3875 Sic
913 3824 1039 3875 coum.
1052 3824 1123 3873 Βετο-

148 3895 255 3947 ltaudena
268 3895 340 3951 suat,
360 3910 390 3944 ur
403 3895 428 3943 in
439 3896 558 3958 templum
566 3910 620 3958 per-
652 3896 738 3951 aldua,
755 3894 870 3946 Alrianra.
884 3894 917 3941 lix
932 3907 963 3941 eo
977 3892 1001 3940 in
1013 3892 1051 3941 ed.
1059 3892 1124 3940 Rha·

149 3962 249 4029 iugera
279 3963 390 4030 Argilius
407 3962 473 4042 quali
495 3964 525 4019 ad
544 3978 618 4012 aram.
650 3962 717 4023 nuti,
732 3970 856 4025 operarum
865 3958 935 4033 ‘vitio
948 3961 1123 4075 iaetumoaqp:
1181 3980 1187 3987 ·

491 4224 500 4259 l
