2850 4625
338 257 756 330 ANNALIVMLIB.
780 257 871 330 XVI.
969 301 973 316 =
1029 279 1104 354 x879
1189 285 1204 348 .“

117 397 225 493 ipsum
248 397 339 470 satias
364 401 510 490 cepisset,
534 394 741 493 aliorumque
766 401 913 470 taedium
944 421 1176 495 expecta-nn,

118 514 189 559 rem
200 540 221 580 „
232 490 381 594 quamvis
405 485 560 560 honestos
581 491 704 563 civium
720 490 845 572 exitus,
868 489 972 567 tristes
992 515 1102 564 tamen
1117 507 1174 556 rto·
1233 573 1234 578 ἵ

120 601 156 648 et
171 601 348 647 continuos
364 577 614 672 aspernantium.
666 585 714 649 At
729 601 816 646 nunc
828 582 986 672 patientia
1002 565 1179 688 servi-¹³3⁰*

118 669 170 749 lis,
193 689 384 759 tantumque
401 669 559 759 sanguinis
575 669 667 740 domi
680 669 859 760 perditum,
879 669 1016 761 fatigant
1033 675 1102 741 ani·-
1144 643 1170 698 ⁷⁸

118 781 220 837 mum,
245 779 279 826 et
291 756 450 827 moestitia
467 757 671 848 restringunt.
719 760 841 848 Neque
855 755 948 826 aliam
962 759 1101 829 defens·
1141 768 1142 774 ’

49 896 51 933 ,
120 869 219 916 onem
242 848 351 927 abiis,
372 849 491 940 quibus
506 846 562 915 ista
577 846 763 926 noscentur,
786 851 964 938 exegerim,
990 873 1100 941 quam,
1166 859 1169 866 '

120 935 131 964 ¹
149 959 195 1028 ne¹
206 937 337 1004 oderim
352 957 417 1004 tam
434 933 574 1027 segniter
593 939 780 1028 pereuntes.
849 941 899 1006 lra
923 937 976 1004 illa
993 943 1101 1008 numi-

49 1080 50 1083 *
118 1025 245 1102 numjn
259 1048 312 1094 res
329 1029 491 1095 Romanas
504 1023 584 1105 fuit,
606 1048 703 1118 quam
717 1047 804 1106 non,
830 1043 877 1110 hut
895 1025 930 1093 in
952 1027 1099 1098 cladibus

118 1115 336 1195 exercituum,
345 1133 401 1183 aut
413 1115 751 1207 captivitateurbium,
764 1112 1100 1188 semeleditamtrans·
1200 1162 1204 1174 ·

117 1207 168 1274 ire
180 1205 269 1273 licet.
337 1206 447 1274 Detur
469 1205 537 1272 hoc
560 1202 731 1272 illustrium
744 1203 895 1272 virorum
905 1202 1102 1295 posteritati,
1252 1245 1265 1272 s

114 1314 165 1375 ut,
181 1293 356 1384 quomodo
370 1292 531 1385 exsequiis
547 1291 757 1384 apromiscua
772 1291 933 1382 sepultura
947 1293 1097 1386 separan—

111 1405 183 1474 tur,
205 1383 262 1461 ita,-
284 1382 503 1452 intraditione
512 1379 749 1473 supremorum,
772 1382 934 1472 accipiant
942 1383 1098 1454 habeant·

116 1495 186 1565 que
200 1473 372 1563 propriam
385 1473 587 1540 memoriam.
632 1474 758 1539 Paucos
776 1472 904 1562 quippe
916 1472 999 1540 intra
1014 1476 1095 1557 dies,
1121 1483 1153 1550 ι7

115 1562 240 1632 eodem
259 1562 395 1651 agmine,
410 1565 562 1630 Annaeus
579 1559 691 1640 Mella,
710 1558 844 1628 Cerialis
858 1560 1006 1642 Anicius,
1028 1568 1096 1632 Ru·
1125 1637 1128 1648 ⁸

114 1649 168 1719 sus
181 1647 359 1743 Crispinus,
385 1649 392 1676 ¹
411 1673 448 1718 ac
462 1649 634 1717 Petronius
648 1650 811 1718 cecidere.
857 1650 959 1719 Mella
974 1671 1008 1718 et
1026 1655 1099 1722 Cri-

115 1739 238 1832 spinus,
253 1742 381 1832 equites
397 1739 550 1821 Romani,
572 1736 752 1827 ²dignitate
769 1736 938 1808 senatoria.
962 1763 1035 1808 raam
1043 1742 1100 1811 bic

49 1838 50 1899 ]
116 1825 127 1864 ³
142 1832 314 1922 quondam
332 1826 518 1919 praefectus
532 1829 711 1918 praetorii,
740 1845 773 1895 et
789 1826 1009 1902 consularibus
1024 1829 1098 1898 insi·

115 1917 235 2010 g'nibus
258 1919 416 1997 donants,
456 1939 493 1984 ac
517 1937 623 2006 nuper
642 1915 780 1984 crimine
808 1916 1042 1986 coniurationis
1062 1922 1098 1988 in
1139 1929 1142 1950 ¹

116 2009 297 2076 Sardiniam
314 2024 467 2085 exacuas,
496 2025 636 2097 accepto
653 2005 748 2074 iussae
767 2007 883 2072 mortis
898 2008 1025 2088 nunti0‚
1047 2007 1098 2078 se-

115 2116 186 2166 met
203 2089 378 2164 interfecit.
429 2093 541 2172 Mella,
575 2095 693 2186 quibus
710 2094 866 2164 Gallioet
878 2097 1017 2177 Seneca,
1038 2121 1098 2188 pa-

49 2256 50 2261 ,
116 2187 265 2260 rentibus
281 2204 389 2266 natus,
424 2185 588 2276 petitione
602 2183 769 2253 bonorum
791 2181 1004 2266 abstinuerat,
1035 2210 1098 2278 per

117 2274 331 2344 ambitionem
346 2271 598 2365 praeposteram,
620 2295 658 2344 ut
671 2297 772 2367 eques
788 2272 954 2343 Romanus
979 2275 1097 2347 consu·
1154 2305 1156 2310 ’

117 2364 239 2433 laribus
253 2365 403 2466 potentia
417 2384 618 2456 aequarentr.
648 2362 738 2433 simttl
754 2366 972 2467 acquirendae
992 2389 1096 2457 pecu-

117 2455 192 2522 niae
208 2455 340 2524 brevrus
355 2454 419 2524 iter
431 2454 597 2537 credebat,
616 2451 635 2495 ⁴
650 2476 712 2546 per
727 2472 978 2547 procurationes
984 2457 1097 2611 ,illm

960 2566 982 2611 n
1039 2568 1095 2613 an-

150 2687 255 2757 rQaat
271 2705 301 2742 ae
320 2692 404 2743 ederim
421 2703 472 2743 raet
482 2690 589 2757 figniter
622 2687 720 2740 ederint.
754 2682 864 2753 Defitfio
883 2702 928 2754 pro
941 2686 1095 2741 excusatione

111 2764 257 2824 pereanem]
290 2760 397 2811 Cauliana
420 2762 518 2819 reddit,
547 2776 589 2811 nte
622 2757 694 2806 dicta.
727 2756 803 2807 Nullo
823 2757 871 2807 alio
892 2756 992 2806 nomine
1006 2772 1045 2805 me
1060 2756 1092 2809 ab

115 2844 167 2876 non
180 2824 275 2894 oderit,
306 2827 354 2879 hoc
369 2827 417 2885 est,
438 2845 486 2878 non
498 2829 588 2879 omise-
622 2824 652 2873 ἰίε
666 2820 986 2881 excusatumhaberivelim‚
1006 2826 1093 2875 defen·

114 2894 148 2944 rit
167 2910 255 2947 aunum
275 2896 436 2945 mentionem.
476 2898 504 2946 ld
522 2896 588 2947 enim
621 2890 695 2955 (iique
709 2892 756 2941 hoc
770 2891 901 2942 institutum
919 2908 1011 2943 meum.
1046 2896 1092 2943 Se-

114 2960 184 3025 m'ffe
201 2978 281 3013 vocat.
323 2960 384 3014 Non
396 2963 465 3013 aliter
484 2975 526 3014 me
544 2966 589 3014 de·
621 2972 698 3026 quens
710 2958 825 3008 sententia
839 2958 872 3008 est
885 2960 1032 3017 aCicerone‚
1045 2961 1091 3024 qui

115 3031 229 3085 stradam,
248 3046 324 3094 quam
338 3046 367 3081 ut
382 3046 480 3091 foggm,
502 3044 588 3081 conce.
620 3028 709 3077 bellum
723 3026 793 3075 tlvlle
807 3025 947 3077 itaexcusat.
980 3032 1037 3079 ΜΟΧ
1050 3030 1092 3079 ed·

114 3099 174 3146 dant
192 3097 266 3167 mibi,
291 3114 341 3147 non
356 3098 442 3155 odisse,
462 3113 488 3148 et
503 3099 589 3164 punite
621 3088 822 3159 pastureledite:
847 3109 872 3143 et
886 3094 1092 3151 eddarateliben.
1139 3128 1143 3138 .

114 3158 210 3213 silentio
222 3164 340 3226 ignaviam
358 3162 406 3224 fic,
425 3164 495 3217 instar
513 3174 588 3230 peco-
622 3176 706 3214 umnec
721 3174 750 3209 ac
755 3160 890 3225 fipasrm,
913 3163 984 3209 male.

114 3247 186 3288 tum,
210 3231 276 3279 caedi
298 3230 321 3280 se
340 3234 520 3297 praebentium:
540 3231 589 3288 vel,
653 3228 869 3289 1AtPetroniar,]
890 3227 929 3277 Sic
943 3228 1011 3279 MSS·
1025 3229 1091 3281 Flor.

115 3314 172 3348 cum
192 3297 238 3345 viti
259 3300 333 3347 fortes
358 3298 454 3359 forent,
481 3315 589 3364 quotum
621 3296 705 3346 Guels.
719 3296 773 3346 edd.
787 3298 1091 3355 attteRbenanumomnea‚

115 3361 203 3415 monis
213 3379 366 3432 contemptus
384 3368 440 3419 usui
453 3384 537 3430 magno
545 3362 588 3415 ede
621 3364 666 3429 qui
678 3363 770 3427 primus
784 3374 929 3427 praenomen
948 3362 973 3411 C.
990 3364 1092 3415 addidit.

114 3430 242 3497 potuisset,
271 3431 307 3482 ita
332 3449 434 3486 mortem
453 3438 586 3501 perdentes.
620 3432 646 3479 si
666 3445 680 3478 e
700 3434 748 3480 MS.
760 3430 786 3481 id
804 3444 891 3481 natum
908 3444 936 3478 ex
951 3428 1037 3479 ultima
1050 3438 1091 3485 aas
1179 3466 1186 3481 ·

114 3497 206 3553 Nestor
217 3501 281 3562 apud
295 3500 415 3553 Ovidium
435 3502 460 3553 in
471 3518 503 3553 ιι.
538 3500 588 3550 Nat
620 3509 656 3546 at·

115 3580 196 3615 tamen
217 3564 328 3625 alendas,
350 3584 416 3628 qaam
425 3565 506 3635 sinin
515 3564 587 3635 sima
652 3576 668 3614 α
697 3561 824 3626 Dignum
847 3559 1004 3625 senatoria]
1033 3564 1092 3617 Non
1176 3604 1177 3609 ,

109 3627 213 3697 filaendo,
232 3631 432 3699 Vlcastarfrarres.
450 3632 586 3687 Graecias.
621 3632 684 3681 enlm
699 3648 780 3682 revera
793 3634 917 3681 Senatores
925 3663 939 3688 ‚.
952 3632 990 3681 sed
1004 3632 1092 3696 opibus
1165 3640 1167 3645 ’

116 3699 248 3751 Vetill'une.
266 3703 408 3761 Rhenanus,
418 3704 588 3770 LipstunGto·
600 3693 608 3704 ’
622 3715 649 3749 ac
661 3698 790 3765 splendore
803 3696 881 3747 ctiitls
895 3700 1038 3749 Senatorum
1050 3716 1093 3763 pa.

116 3770 165 3817 tius
177 3769 298 3817 malebant
311 3768 408 3820 adnitar.
443 3766 589 3823 Atilianon
621 3768 668 3816 les.
703 3764 801 3830 Equites
818 3764 928 3815 illustres.
949 3760 1042 3826 dipsas,

115 3834 300 3886 sotetdesensro
319 3840 352 3885 ct'
366 3839 484 3889 excusatio
498 3838 587 3896 Taciti,
654 3836 800 3899 3Qoadtm
807 3826 1094 3903 Praedictasl’ratrotsi]

116 3916 178 3966 qnae
192 3903 231 3953 hie
244 3900 396 3955 desiderauit.
432 3908 525 3957 Oderint
533 3904 587 3953 libri
619 3902 780 3952 strennuo
795 3898 838 3947 lib.
852 3914 875 3947 a.
900 3896 994 3961 Lipfiusl

117 3980 202 4022 aranea
213 3985 306 4038 pactas
320 3970 386 4024 cod.
401 3974 586 4042 Agnquibabet
652 3984 669 4033 4
687 3966 736 4018 Pit
756 3966 950 4030 procreationem
976 3970 1094 4091 Ad‘qpae
