2850 4625
226 209 231 217 ’
311 253 838 324 aurtarrvmmamu
882 317 892 350 ,
1024 257 1080 340 76³

102 411 167 464 tam
183 397 280 464 etlam
296 393 472 554 apsolvendt'
485 397 654 465 licentiam.
700 396 763 467 Hrs
780 414 879 486 atque
893 391 1011 462 talibus
1026 407 1176 480 re-l’ll⁴⁸
1227 430 1230 436 ·

69 490 76 504 '
104 487 220 564 citatis,
239 505 309 553 eto
337 484 467 554 eusrone
482 483 657 566 manifesta,
680 509 748 552 non
765 487 843 552 itleo
863 504 918 552 aut
932 482 1079 552 consules
1097 483 1163 551 Μ,

102 595 273 642 mutavere
289 575 498 654 relationem,
527 597 581 642 aut
596 571 740 642 Thrasea
764 568 897 642 decessu
912 545 1153 682 sententiaffjff
1243 570 1251 590 '

101 665 259 744 ceterive,
276 687 359 756 quae
372 667 605 758 probaverant,
621 661 809 732 deseruere:
833 685 919 818 pars,
941 663 1081 754 neprir't-

102 756 211 839 cbtem
226 753 379 822 obiecisl'e
398 755 543 821 invidiae
563 754 758 822 viderentur
766 779 788 834 a
810 775 921 844 pures
941 760 1079 822 num'ero

100 830 183 922 tutl3
206 841 347 911 Thrasea
361 841 448 912 sueta
462 840 664 911 firmitudine
678 841 786 919 animi,
807 863 842 910 et
855 864 897 908 ne
912 841 1016 932 gloria
1031 842 1082 909 in·
1160 885 1163 903 ι

99 930 307 1000 tercirleret.'
337 931 436 1001 Haud
454 929 573 1023 dispari
590 933 726 999 crimine
751 938 757 966 ¹
776 931 941 998 Fabricius
957 935 989 996 V
990 933 1080 998 cien-
1093 951 1133 1016 50

100 1039 138 1088 to
154 1017 362 1089 conflictatus
378 1020 433 1101 est,
480 1023 543 1090 uod
553 1021 653 1088 nuclra
668 1039 699 1088 er
711 1016 862 1114 probroſsr
877 1025 912 1086 in
928 1037 1081 1114 patraret

93 1106 277 1202 fitreldotcs
295 1044 514 1267 corrprrsr'cillct,
537 1105 698 1190 inlibris,
745 1105 833 1176 tribur
855 1104 869 1134 ²
886 1131 999 1176 nomen
1014 1111 1083 1178 Co·

101 1195 291 1267 ‹licillorum
305 1203 342 1267 dc
364 1217 447 1268 erat.
493 1201 682 1270 Atliiciebat
702 1132 1014 1286 {luliusGeminun
1028 1221 1080 1266 ac·
1163 1222 1167 1232 ¹

99 1286 246 1355 cusator:
280 1285 501 1357 venditaracb
524 1312 558 1360 co
579 1291 894 1447 muncrasprincipt‘s,
918 1305 951 1355 et
967 1285 1034 1354 ‘adr'
1052 1293 1082 1354 i·

91 1374 286 1469 [crudorum
301 1377 451 1446 honorum
468 1385 525 1446 ius.
549 1403 634 1472 quae
653 1401 711 1446 cau
738 1377 892 1445 aNeroui
906 1374 971 1444 fuit
986 1307 1083 1445 suli-

99 1466 216 1560 piendi
237 1467 362 1536 iudicii.
393 1470 649 1560 convictumque
673 1471 894 1534 Veientonem
911 1465 1000 1532 Italia
1022 1467 1082 1534 de·
1146 1475 1150 1483 ’

99 1555 196 1647 pulit,
222 1576 255 1624 et
270 1557 371 1628 libros
389 1560 483 1626 exuri
498 1551 595 1638 iuffit,
618 1553 819 1647 conquisrtos
841 1554 1082 1647 lectitatosque,

100 1646 214 1712 tlonec
231 1667 305 1714 cum
321 1647 471 1739 periculo
487 1647 695 1739 parabantur:
721 1663 801 1712 mort
816 1644 945 1714 licentia
959 1643 1083 1713 habeu-

98 1735 136 1802 di
163 1733 368 1804 oblivionem
391 1735 509 1804 attulit.
593 1735 659 1802 Sed
679 1730 944 1824 gravescentibus
961 1735 994 1799 in
1014 1734 1085 1802 dies
1108 1737 1135 1799 5¹
1173 1761 1196 1798 ,¹

99 1823 246 1916 publicis
262 1826 364 1902 malis,
389 1823 524 1892 lubfitlia
538 1823 777 1894 minuebantur.
804 1816 1027 1912 conceslltque
1035 1823 1088 1888 vi-

97 1933 132 1982 ta
151 1915 281 1992 burrus,
303 1915 465 2004 incertum
478 1911 675 1990 valetudine,
700 1935 739 1979 an
756 1933 898 1979 veneno.
951 1913 983 1977 V
986 1908 1087 1978 aletu-

98 2003 150 2070 do
166 2025 209 2070 ex
227 2025 268 2070 eo
282 2003 550 2080 coniectabatur,
590 2009 597 2040 ¹
615 2001 708 2091 quod
730 1997 812 2066 inse
834 1995 1087 2067 tumescentibus

96 2089 271 2184 paullatim
284 2089 443 2172 saucibus,
464 2111 498 2158 er
522 2089 534 2118 ²
551 2089 713 2182 impedito
731 2109 856 2172 meatu,
885 2086 1032 2212 spiritum
1047 2085 1087 2154 fi.

930 2197 1083 2246 urebat.

95 2343 140 2388 tin
169 2336 257 2387 dicitur
283 2338 324 2387 illa
345 2339 440 2402 quidem
460 2338 534 2389 eriam
551 2338 576 2387 in
609 2354 639 2389 ut
650 2338 784 2387 Suetonius
796 2337 845 2393 ait,
870 2338 1084 2386 dclnblbendare-

95 2410 194 2457 bonam
214 2420 307 2470 partem
326 2410 389 2469 apud
409 2406 532 2464 nostrum,
549 2420 577 2457 ut
606 2403 768 2465 llamcnlorron
800 2406 897 2453 licentia
924 2422 953 2453 ne
983 2408 1085 2453 blenarus

94 2480 116 2533 l,
134 2484 173 2523 26.
193 2472 230 2523 sed
246 2474 311 2523 forte
326 2474 365 2521 hic
379 2488 427 2523 non
448 2473 577 2523 absurdunt
611 2476 729 2535 quidquam
765 2470 923 2531 constitueret,
953 2472 1084 2533 larcrccfflc.

95 2543 146 2599 stt,
164 2542 311 2597 existimare,
336 2542 390 2591 data
408 2558 480 2605 opera
501 2543 577 2591 ambi·
611 2542 720 2593 Etenim
732 2556 841 2601 germana
860 2539 949 2594 lectio,
971 2554 1084 2600 germana

96 2611 225 2673 guirarem
245 2606 380 2673 quaesitam.
419 2610 535 2659 Ceterum
553 2608 578 2657 in
612 2624 682 2656 merra
695 2610 748 2656 eius
761 2609 822 2655 locir
845 2621 895 2654 non
908 2621 936 2655 ut
947 2608 984 2653 uir
996 2608 1085 2654 doctuc

97 2678 188 2728 Gucll.
203 2676 236 2725 cll
247 2689 271 2725 ee
284 2690 327 2740 pro
340 2678 419 2732 ctiam,
428 2677 579 2727 fortaffcma·
611 2674 741 2729 substituit,
752 2672 939 2736 stannaturam.
971 2675 1083 2736 Exempla

98 2746 161 2793 lius.
181 2744 329 2793 viderantcn
344 2748 373 2793 ad
388 2748 532 2809 uto-extr.
595 2744 637 2793 ·¹in
654 2743 747 2793 Tacito
764 2743 857 2805 paffim,
883 2744 915 2790 de
933 2739 962 2791 iic
991 2740 1083 2803 qui'su-

136 2830 145 2860 ι
166 2812 282 2861 fabricius
298 2812 413 2870 laima]
438 2814 498 2861 Puto
510 2812 578 2863 illum
610 2811 699 2875 premia
712 2810 802 2859 rabulis
815 2810 890 2859 multa
898 2809 986 2857 atrocia
998 2808 1023 2855 iu
1031 2808 1083 2855 ala-

98 2880 163 2935 ὥς,
181 2880 224 2941 qui
243 2883 273 2929 Α.
293 2880 413 2929 fabricius
432 2879 507 2927 Dioni
520 2879 578 2931 dici·
612 2892 728 2934 cronem.
760 2878 784 2925 in
804 2875 956 2931 ,Tiberium
977 2873 1084 2936 allolirue
1135 2907 1138 2917 ·

97 2962 158 2997 rur:
183 2946 275 3009 quique
295 2948 407 3003 Praetor,
438 2962 507 2995 canes
524 2944 579 2996 Cir·
612 2960 728 3011 potenter
749 2942 935 3009 composuerim.
968 2944 1023 2991 Hoc
1043 2958 1086 2990 err-
1163 2982 1169 3005 ,

97 3010 214 3064 censibus
244 3015 277 3069 acl
296 3026 382 3071 currus
404 3015 512 3063 adiunxit
533 3028 578 3077 pro
613 3014 695 3077 cmplo
708 3027 767 3074 crgo
779 3010 957 3061 maledicentiae
969 3009 1024 3059 suae
1043 3018 1085 3057 ca·

96 3081 185 3149 equit.
211 3076 306 3143 Lipsius.
360 3082 463 3143 Rycltius
491 3083 522 3129 dc
548 3096 579 3131 eo
612 3094 671 3128 vens
685 3080 808 3135 Veiento,
828 3076 1037 3141 inscripfitopicor
1057 3089 1084 3124 ct

97 3151 186 3199 laudat
202 3147 305 3197 Plinium
326 3164 363 3212 ep.
383 3152 424 3205 lv,
436 3164 456 3201 2.
472 3150 580 3203 luvenal.
614 3146 734 3197 oscoscos
745 3146 979 3201 libroc,Codicilloc.
991 3138 1088 3203 lr‘pfias.

98 3220 153 3267 Sar.
171 3216 213 3263 lV.
248 3214 309 3264 Mor
323 3217 383 3265 bene
401 3217 503 3265 Piclrcna
522 3220 582 3275 qaod
647 3228 660 3280 3
676 3213 753 3261 bilius
764 3216 847 3271 lim]
864 3219 976 3262 Muretus
987 3214 1087 3259 volebat

97 3283 209 3333 multoe
223 3284 274 3332 MS.
289 3284 351 3331 Flor.
368 3300 411 3345 pto
430 3285 511 3343 quim.
542 3282 580 3333 Sic
614 3280 641 3331 Τ.
661 3282 753 3337 Allius,
780 3282 855 3343 idque
877 3279 938 3327 olim
969 3278 1087 3341 probabat

96 3354 178 3403 ctiam
193 3353 229 3403 ed.
244 3366 279 3412 pr.
297 3350 347 3398 MS.
362 3350 447 3399 Guelf.
614 3347 724 3413 Lipsrut‘,
739 3348 825 3397 reiecit
838 3345 926 3409 polica.
958 3346 1011 3395 Nec
1025 3343 1088 3407 sper·

135 3434 151 3469 a
178 3418 266 3467 Nomen
285 3416 443 3466 codicillorum
460 3420 580 3476 dcimam
615 3418 722 3467 nundum
736 3430 804 3479 putat
821 3413 942 3475 Ryclriua,
966 3411 1088 3473 proferena

96 3488 193 3542 Noto,
212 3484 279 3533 fuisse
294 3499 403 3539 morem,
426 3486 462 3533 uri
475 3486 498 3533 in
512 3484 581 3535 testa·
614 3500 644 3532 ex
668 3482 738 3531 lustr.
757 3482 837 3530 vetcrc
860 3479 902 3544 ,Q
915 3478 1002 3526 Alliam
1017 3478 1087 3526 Max.

97 3552 194 3605 mentis
207 3553 317 3603 curtricia
326 3554 444 3615 quaedam
457 3566 482 3601 et
495 3552 581 3616 probra
614 3550 738 3611 Causilena.
772 3554 829 3598 Mor
842 3550 892 3600 Ma.
905 3549 963 3595 llud.
972 3544 1085 3594 ttGucls.

97 3622 207 3673 liberius
222 3619 363 3669 scriberent:
387 3634 450 3681 quar
463 3632 518 3667 anre
531 3622 583 3669 Au·
615 3634 706 3669 aman.
719 3614 764 3665 sec.
777 3616 908 3663 vendicato.
921 3617 991 3663 malt.
1026 3613 1087 3663 Mox

98 3692 202 3753 gustum
242 3686 390 3743 inobservata
422 3702 445 3733 er
469 3686 582 3749 permissa.
615 3686 680 3735 idem
692 3685 774 3733 Guelf.
792 3683 880 3731 indicii.

99 3759 222 3811 Scilicet,
239 3752 296 3817 quia
310 3752 425 3816 supremis
445 3752 492 3805 illia
513 3754 584 3803 tabu·
646 3770 654 3800 r
673 3752 746 3816 Qod
756 3753 779 3798 r'n
787 3748 1020 3811 sccurncscrnrilur.]
1032 3751 1089 3800 Mu·

100 3828 130 3873 lis
148 3840 175 3873 et
192 3820 264 3877 voci,
282 3822 360 3869 danda
368 3820 492 3875 videbatur
504 3822 583 3885 aliqua
615 3835 682 3869 retus
695 3819 795 3879 corrigit
808 3809 1013 3877 larlmtrsttnrliur.
1038 3819 1089 3867 Pla-

100 3894 219 3941 libcrras.
252 3889 352 3937 Frenunt
367 3888 464 3937 iniicere
483 3889 584 3937 Senarus
614 3904 661 3939 ect.
682 3889 756 3935 Certe
769 3886 794 3931 in
802 3886 831 3947 se
844 3886 961 3932 vitiolum
975 3884 1017 3931 clla

103 3961 238 4013 reluctata
262 3954 302 4007 scd
321 3957 369 4008 illc
382 3954 446 4005 idam
464 3955 584 4021 princepa.
650 3955 804 4017 alrnpcfira
816 3964 893 4003 meatu
910 3948 1090 4065 spiritanpni-

1030 4030 1093 4068 CM·
