2850 4625
418 98 826 209 ranetam
865 132 872 141 ·

77 288 317 389 mmmqoiin
332 282 576 365 recensendis
590 283 657 363 scri
686 285 829 363 ton'bus
839 284 994 386 antiquis
1007 288 1152 369 versrn·
1311 320 1318 352 ¹

85 416 187 481 tur,
209 410 345 492 ψεῖ
366 412 418 463 ex
433 385 499 481 iis,
529 410 623 486 quae
665 384 925 466 eeditionibus
937 387 1071 484 Taciti,
1090 391 1149 469 in·

93 485 480 593 priuiipueLipfiana,
495 484 664 565 diximus.
710 490 838 563 Nemo
861 484 914 561 est
927 484 976 563 ita
990 492 1045 567 vel
1065 489 1149 591 lyn·
1181 580 1185 583 p

107 614 210 680 cete,
232 588 285 665 rel
298 585 449 690 semper
463 584 544 665 satis
555 606 735 678 attentus,
753 586 795 664 in
813 586 924 666 rebus
944 587 1154 686 praesentim

113 687 345 781 tmminutis,
362 688 529 788 quinon
548 685 733 763 interdum
751 687 795 765 ali
823 684 888 763 uid
902 683 981 762 vitii
993 684 1033 763 in
1047 711 1151 769 textu

113 790 187 881 lini,
203 812 313 889 quem
330 808 482 899 tractat,
503 807 718 899 praetereat.
778 711 822 865 Id
835 784 860 863 st
874 786 984 863 nobis
999 811 1152 901 quoque

107 888 235 975 rudit,
252 911 290 965 et
304 885 451 989 aliquid
465 885 554 963 mde
569 909 647 964 vnn
661 910 699 963 m
721 885 817 965 hanc
836 886 998 965 nostram
1018 887 1156 967 ediuo·

100 1016 204 1083 nem,
226 987 332 1090 quud
357 983 491 1089 operis
506 1010 586 1063 non
609 984 804 1080 debeatur,
823 984 979 1088 irrepsit,
1001 985 1153 1071 fontem

96 1090 334 1168 {cantuum
394 1094 404 1105 ’
423 1086 603 1165 Ceterum
620 1084 705 1163 illud
722 1084 940 1185 confirmare
953 1086 1153 1189 pollirmus,

95 1188 291 1265 actumboc
307 1183 486 1299 inprimis
502 1183 582 1277 effe,
593 1206 635 1265 ut
642 1206 762 1265 textus
769 1184 893 1265 Taciti
906 1210 1016 1287 quam
1024 1214 1154 1266 emen·
1278 1186 1288 1209 ⁸

96 1286 257 1365 datiffine
270 1287 530 1371 exhiberetur.
585 1286 710 1385 ltaque
725 1312 796 1365 nec
818 1288 935 1391 piguit
956 1312 1017 1363 me
1033 1287 1153 1390 ipsum

99 1387 256 1490 impietae
269 1386 483 1491 specimina
495 1395 540 1485 'ty
567 1384 774 1487 ographica,
797 1408 837 1465 et
850 1408 992 1464 textum
1001 1387 1153 1489 quidem

102 1512 208 1566 toturn
227 1493 344 1591 q'uam
361 1408 631 1599 diligentbiune
646 1485 844 1592 perlegere.
894 1485 978 1593 Qa
998 1512 1083 1564 cura
1096 1488 1151 1565 ef-
1253 1514 1261 1525 ’

102 1588 255 1682 ferinus,
277 1611 324 1667 ut
337 1584 495 1700 oppido
520 1610 630 1687 pauca
645 1585 688 1663 ab
709 1588 833 1689 operis
874 1607 995 1664 eccata
1008 1610 1150 1675 teman·

100 1688 212 1777 saint,
245 1714 348 1790 quae
366 1710 408 1761 m
422 1684 522 1761 calce
543 1685 666 1787 operis
687 1710 813 1765 notata
892 1709 920 1763 t.
992 1690 1035 1765 ln
1050 1691 1152 1770 notis

94 1790 266 1892 lipfiznis,
286 1814 385 1889 quas
397 1781 555 1887 ipfinon
570 1784 808 1879 correximus,
831 1788 934 1889 plura·
946 1783 1039 1874 sunt,
1045 1812 1150 1890 prae·

94 1888 204 1967 sertim
222 1892 264 1965 in
286 1886 455 1989 graecis,
479 1906 579 1986 parte
623 1885 747 1964 uidem
766 1885 882 1989 priori
896 1888 1018 2000 operis
1042 1898 1150 1982 (natu
1241 1904 1245 1912 ’

93 1986 397 2081 anmadvarsare,
421 2010 547 2086 graeca
558 1908 623 2099 ipit
637 1983 813 2087 inspicere
828 1992 1036 2087 coepimus)
1056 2014 1151 2091 quae

93 2114 209 2165 umen
224 2112 440 2177 nemmem,
462 2106 504 2161 ut
519 2110 673 2186 opmor,
697 2087 950 2164 morabuntur.

168 2192 277 2269 uun
290 2186 424 2267 adhuc
440 2184 607 2278 restant,
624 2185 673 2263 de
697 2186 841 2287 quibus'
855 2186 948 2277 dici,
973 2184 1022 2264 de
1043 2214 1151 2268 more

95 2286 482 2390 praefationestalibus
491 2283 586 2362 libris
594 2283 847 2383 scribentium,
863 2284 988 2390 polilt:
1014 2287 1150 2369 deTa·

99 2386 452 2570 bilbili&
465 2383 878 2568 lblfflllll‘lllffla
903 2387 1152 2570 lilim

99 2518 318 2670 tenuanirm
333 2585 379 2664 stt
391 2583 552 2677 forrare,
575 2585 747 2664 iudicium
765 2589 869 2668 suum
884 2587 931 2664 de
989 2589 1149 2666 acitoin·

99 2714 296 2795 tetponere,
322 2686 435 2764 cuius
453 2684 559 2762 etiam
574 2685 722 2778 dicendi
739 2715 855 2790 genus
875 2689 925 2780 ia,
957 2705 1068 2790 quem
1094 2687 1150 2765 su-

99 2817 151 2896 pn
162 2784 475 2878 commemoravi,
489 2784 712 2880 Gordonds,
736 2814 885 2891 magnus
898 2787 1022 2867 Taciti
1036 2787 1148 2866 admi
1292 2811 1297 2820 ’

102 2917 198 2990 ntor,
221 2888 484 2989 (adnitantur
497 2905 615 2962 autem
627 2887 794 2983 maxime,
808 2913 847 2967 et
865 2887 972 2967 Livio
989 2889 1151 2991 aliisque,

105 2993 297 3074 nl’lininm
316 2985 529 3077 Ciceroni,
559 2988 669 3088 longe
683 2989 897 3090 praeferunt
911 3012 1061 3082 omnes,
1084 2987 1150 3088 qui

103 3093 150 3169 ibi
170 3094 272 3173 valde
293 3086 403 3170 acuti
424 3083 620 3177 videntur)
645 3087 674 3164 is
693 3088 803 3191 igitur
821 3089 871 3168 ita
887 3085 1074 3182 defendit,
1108 3107 1152 3166 ut

105 3219 214 3274 omnes
230 3223 249 3273 a
267 3183 594 3298 reprehendendo
620 3185 827 3280 detenuille
857 3186 1034 3265 videatur.
1083 3191 1149 3267 Ne·

106 3321 164 3388 ma,
183 3297 317 3399 inquit,
344 3288 516 3393 Tacitum
536 3287 719 3387 intelligit,
744 3292 812 3386 nist
825 3293 888 3404 qui
910 3288 1149 3389 rempublicam

313 3384 496 3572 erpaucit
509 3411 614 3486 ergo,
638 3389 736 3466 bone
751 3390 905 3482 Tacite,
930 3389 1149 3492 intelligerlr.
1179 3399 1183 3410 '

296 3526 330 3593 θ’)

109 3402 313 3604 φυλῇ
391 3511 564 3568 ranctcus
578 3485 726 3601 quidam
746 3489 900 3593 scriptor
927 3488 987 3579 ait,
1011 3512 1156 3592 oportet,
1209 3481 1215 3502 '
1275 3517 1278 3525 ·

115 3600 317 3697 qriTucr'tum
331 3591 559 3688 intelligere,
589 3614 652 3690 qut
672 3592 715 3668 de
746 3592 855 3675 Demo
873 3592 1027 3670 iudicare
1050 3593 1149 3671 velit.
1216 3616 1229 3634 1
1294 3613 1304 3643 ¹

115 3699 198 3808 Qun
208 3691 411 3783 modeste!¹
457 3685 638 3765 Etenimi
668 3689 701 3768 se
716 3691 934 3792 intelligebat
959 3690 1057 3768 haud
1077 3691 1148 3766 du·

107 3797 160 3891 lit.
207 3811 301 3889 Non
316 3801 482 3886 dicamr
503 3809 629 3965 qulmd
649 3813 667 3868 r
687 3791 729 3870 in
741 3814 893 3894 promtu
905 3792 1063 3966 coique&
1071 3786 1149 3966 liii

838 3917 844 3927 ’
966 3915 1080 3969 moe
