2850 4625
347 213 654 284 nnnnnrvrn
681 161 852 320 imru
1043 237 1094 306 uu

113 376 235 426 ruerat.
281 353 338 424 sed
357 357 533 448 praecipua
547 377 589 424 ex
605 379 648 424 eo
662 354 784 446 gloria,
808 354 903 448 quod
926 353 954 406 ¹²·
988 357 1092 428 raese-

114 467 187 514 ctus
205 444 281 512 urbi
292 469 419 524 recens,
443 445 632 514 continuam
647 441 856 536 potestatem,
878 465 912 513 et
926 379 1093 518 insolentia
1224 525 1227 530 ,

112 535 253 626 parendi
266 537 463 624 graviorem,
481 535 563 601 mite
578 535 788 625 temperavit.
821 535 973 626 Namque
989 559 1091 618 antea,
1120 573 1145 618 η

113 621 274 717 prosectis
297 625 397 692 domo
419 624 570 713 regibus,
602 646 639 691 ac
658 644 740 690 mox
760 620 1014 714 magistratibus,
1049 651 1166 701 neum.

112 713 192 782 urbs
210 710 275 781 sme
298 713 441 804 irnperio
464 711 565 791 foret,
585 714 620 782 in
641 733 770 802 tempus
793 712 1007 796 desinebatur,
1032 719 1158 808 quint.

113 799 163 868 ius
183 802 357 882 redderem
380 825 420 869 ac
442 798 553 868 subitis
573 800 772 870 mederetur.
826 798 833 826 ¹
853 768 963 874 serunt
988 826 1030 874 ue
1051 787 1165 918 abif*

112 890 258 958 Romulo
272 894 435 959 Dentrem
449 888 656 970 Romulum,
679 887 754 980 post
774 889 813 958 ab
828 890 930 961 Tullo
983 893 1090 968 ostilio
1145 887 1154 904 ’

112 977 125 1004 ²
142 976 285 1047 Numam
301 981 478 1069 Marcium,
502 999 535 1046 et
550 979 589 1046 ab
604 979 789 1071 Tarquinio
814 981 857 1046 Su
884 983 965 1051 erb'o
980 980 989 1018 ³
1006 984 1090 1076 Spu-

109 1070 197 1138 rium
219 1069 412 1136 Lucterium
433 1067 477 1134 im
526 1063 628 1136 srtos.·
661 1069 748 1137 ‘dein
780 1069 929 1139 conules
958 1075 1090 1142 mandu-

110 1159 205 1226 bant:
229 1157 392 1246 dtrratque
406 1153 627 1239 fumeorum,
649 1158 803 1249 quotiens
828 1161 872 1228 ob
888 1155 984 1230 ferias
1000 1166 1088 1232 Lati-

112 1270 169 1314 nm
184 1242 385 1334 praeficitur,
409 1247 466 1401 ‹pui
482 1244 648 1316 consulare
661 1269 778 1314 munus
792 1245 937 1338 usurpet.
991 1253 1089 1322 Cete-

51 1345 56 1351 '
113 1357 188 1402 rum
204 1332 366 1425 Augustus
383 1335 472 1402 belis
489 1335 639 1405 ciuilibus
661 1335 676 1371 ⁴
690 1335 833 1417 Cilnium
849 1339 1088 1422 Maecenatem,

75 1459 79 1465 ·
113 1420 272 1513 equestris
287 1423 422 1503 ordinis,
445 1425 572 1491 cunctis
594 1424 683 1515 apud
696 1427 835 1492 Romam
849 1447 949 1518 atque
964 1430 1088 1512 Italiam

112 1510 311 1602 praeposuit.
355 1515 455 1593 Mox,
470 1536 580 1582 rerum
594 1515 741 1606 potitus,
773 1516 817 1582 ob
833 1518 1089 1606 magnitudinem

114 1600 241 1692 populi,
263 1625 301 1669 ac
320 1603 411 1672 tarda
429 1602 538 1694 legum
561 1599 698 1682 auxilia,
722 1600 851 1694 sumpsit
872 1628 891 1672 e
911 1607 1087 1676 consulari·
1174 1621 1177 1636 '

1015 1701 1087 1780 bus,

110 1873 233 1933 iubemus,
259 1876 337 1924 virtus
357 1873 489 1939 cuuprufflt.
522 1874 585 1927 Vide
619 1872 668 1921 hoc
686 1871 770 1923 Numa
792 1873 884 1924 Martio
910 1877 1038 1940 Spanhem.
1057 1877 1088 1928 de

109 1957 135 1991 er
148 1943 259 1991 Dionem
277 1956 310 2008 53.
339 1939 435 2007 Lipfius.
618 1939 660 1990 Vs.
677 1955 702 1988 et
718 1937 1087 2010 er.N.1>iffix.T.n.p.19.

143 2021 171 2060 ιι
181 2008 321 2073 ΡναῘὲεηιε
333 2011 386 2058 urbi
399 2011 502 2068 retentu]
525 2007 585 2058 ideo
617 2021 659 2058 20.
673 2005 716 2055 ubi
730 2009 1087 2072 recterepudiatMereeriton-

107 2089 223 2125 recentem
236 2077 284 2126 diti
295 2091 392 2142 putant,
410 2075 469 2141 quia
488 2076 516 2124 ab
532 2076 584 2125 Au·
618 2072 731 2124 iecturem
745 2075 834 2124 Numae
846 2086 946 2138 neptunu
958 2070 1088 2138 Murciuuii,

106 2144 176 2208 gusso
200 2144 348 2208 praesertum
375 2143 445 2192 urbis
470 2143 581 2199 instituta,
615 2143 684 2206 quod
700 2157 757 2192 ante
771 2145 892 2206 placuerat
910 2145 1002 2196 Reines.
1017 2148 1087 2198 inser.

108 2226 186 2273 quem
197 2209 251 2260 Piso
264 2211 342 2271 geffit‚
361 2207 453 2260 diverse
465 2225 479 2258 a
491 2223 581 2267 vetere,
617 2205 683 2259 Clas*-
695 2213 726 2261 V.
739 2226 764 2258 n.
781 2223 803 2260 1.

110 2283 142 2325 ne
157 2292 204 2341 qna
218 2289 288 2325 mor:
318 2292 348 2329 ut
367 2279 428 2328 adeo
445 2275 583 2341 Prurficeus
649 2277 718 2343 3Sp.
738 2277 897 2340 Lucretium]
913 2279 997 2331 Livius
1013 2283 1032 2340 1,
1043 2293 1085 2346 59.

110 2345 164 2393 urbi
183 2360 259 2393 recens
281 2342 323 2403 sit,
347 2362 363 2394 e
380 2346 469 2396 recenti
487 2361 582 2407 genere.
645 2345 773 2409 pciluium
786 2347 974 2408 Maecenatem]
990 2351 1086 2401 Nonut

109 2413 159 2461 Sed
173 2412 236 2461 hunc
249 2411 365 2475 loquendi
386 2416 488 2463 modum
507 2412 582 2462 duris·
614 2427 735 2477 receptum
752 2414 797 2471 est,
818 2412 940 2463 Cilliuu'um.
991 2416 1086 2465 Cilnirre

110 2478 196 2528 fimum
208 2478 261 2536 esse,
280 2496 365 2530 omnes
383 2483 477 2538 vident,
501 2496 582 2546 neque
613 2480 679 2528 enim
699 2480 788 2541 gentile
806 2496 898 2530 nomen
918 2480 991 2543 patris
1011 2483 1085 2531 buius

108 2548 184 2596 credo
213 2562 359 2611 quemquam
392 2550 422 2599 fit
460 2550 582 2597 locutum.
613 2561 638 2595 et
658 2546 740 2596 altoris
760 2547 894 2596 Musarum.
935 2548 982 2595 Cui
995 2549 1084 2598 domur

107 2612 249 2677 Praefectus
270 2621 347 2663 retent
366 2617 397 2667 esi
415 2630 497 2666 recens
515 2632 580 2664 crea·
612 2613 685 2678 prisca
706 2614 842 2670 Arretium,
859 2627 886 2663 ut
899 2614 957 2663 olim
970 2632 999 2665 ex
1013 2616 1085 2679 Livip

107 2697 165 2737 rus,
186 2698 262 2745 nuper
281 2683 370 2733 fretur:
395 2687 463 2751 quod
477 2683 580 2733 alienum
613 2680 687 2729 docui
705 2685 744 2738 (v.
765 2682 830 2730 Lect.
848 2682 932 2747 Antiq.
953 2683 972 2740 1,
985 2689 1036 2744 ιι.)
1056 2700 1083 2735 et

108 2748 155 2798 est.
192 2746 303 2814 Suspicor
320 2751 436 2803 Taciturn
456 2747 578 2814 scripsisset
613 2750 676 2874 adde)
686 2748 739 2797 Silii
752 2747 831 2797 versus
844 2748 942 2801 huiusce
961 2741 997 2801 rei
1009 2753 1085 2811 (Vis.

106 2830 211 2865 creatu.
270 2836 274 2841 ⁸
613 2831 656 2877 29.

143 2896 156 2935 ι
169 2884 296 2943 Feruntque
308 2885 339 2934 ab
355 2883 448 2934 Romulo
466 2884 579 2936 Duum
648 2874 733 2931 trtius
744 2881 827 2931 Arreti
839 2882 961 2947 &rubentis
979 2896 1042 2935 ortus
1055 2888 1083 2933 iu

103 2951 261 3011 Romaim]
295 2954 358 3020 Qir
377 2970 416 3015 ap.
435 2952 487 3002 Liv.
508 2955 539 3010 X,
558 2966 585 3011 1.,
713 2952 760 2998 &1'5

103 3019 146 3073 Μ.
163 3020 244 3068 Liuius
255 3018 347 3068 Denter
366 3020 480 3079 occurrit,
503 3020 581 3069 conii·
646 3015 739 3069 Clarm
753 3034 832 3066 nemen
850 3034 910 3069 erut.

103 3089 176 3139 ciunt
190 3088 303 3137 nonnulii
318 3088 357 3137 hie
371 3086 464 3137 Livium
477 3103 521 3152 pro
533 3088 579 3137 Ru·
612 3083 654 3135 etsr
672 3086 706 3134 ibi
733 3100 833 3151 quoque
863 3090 956 3151 vulgo,
985 3087 1082 3138 Uelinus.

102 3157 201 3206 mulium
220 3154 361 3216 legendumr
392 3152 457 3218 quusi
477 3154 579 3205 necesse·
600 3153 675 3209 {Nam
694 3152 782 3210 Silius,
810 3168 838 3203 ut
856 3152 932 3212 solet,
955 3156 1082 3208 historiam

101 3226 141 3275 rio
157 3223 200 3271 iile
214 3222 327 3271 Livianus
340 3224 435 3272 Denter
451 3222 578 3286 eposieris
612 3230 713 3269 exornat
732 3221 791 3269 flore
809 3222 935 3272 hominum
954 3222 990 3273 sui
1010 3222 1080 3287 supe-

100 3292 172 3343 iHiur
184 3290 257 3355 primi
266 3290 394 3339 Praefecti:
413 3304 437 3337 et
449 3306 498 3338 non
510 3289 577 3351 genti
610 3285 728 3350 riorisque
749 3288 810 3345 aevi,
867 3289 980 3340 praefecit
999 3306 1080 3340 autem

101 3372 209 3423 quoque
227 3356 352 3407 liomuiiae
371 3354 420 3406 sive'
436 3356 578 3406 Romuleiae
610 3353 702 3403 Romae
714 3354 1012 3421 italiaequeMrecenrtem
1027 3352 1083 3405 Air-

100 3426 220 3477 utitotum
235 3423 546 3487 cognomeneffepotuerir.
609 3421 689 3483 gustus
701 3423 977 3484 perbelsumsiculum.
1010 3424 1081 3475 Con-

135 3493 271 3547 2Numam
289 3492 432 3549 Mutuum]
455 3490 492 3540 Est
511 3494 578 3543 Pater
609 3487 660 3537 suie
682 3486 790 3537 Dionem
805 3493 887 3545 xutx.
901 3494 925 3541 in
944 3492 1004 3543 attis
1021 3491 1080 3541 enni

99 3556 164 3613 {inci
179 3560 279 3618 Marcii,
302 3556 372 3621 Regis
392 3559 488 3609 Numae
506 3560 578 3608 Pom·
609 3565 732 3605 ocmrvrn.
748 3554 844 3619 Lipſsut.
877 3560 987 3609 Addede
1007 3573 1080 3622 genre

99 3630 154 3697 pilii
174 3642 264 3691 gener,
298 3642 403 3691 quocum
433 3641 577 3690 praenomen
605 3623 687 3673 Cilnio
697 3623 849 3673 Demsierum
869 3626 894 3673 in
907 3625 1001 3675 Etruria
1013 3640 1080 3687 rega-

99 3698 218 3747 Sabinum
232 3696 314 3745 Numa
338 3709 468 3743 commune
484 3693 575 3752 habuit.
608 3690 636 3749 si,
654 3690 686 3746 11,
708 3703 751 3752 54.
771 3706 843 3755 quem
862 3692 938 3741 etiam
958 3692 1077 3742 cumaiiis

100 3766 159 3813 Eius
184 3764 279 3813 mentio
303 3778 340 3826 ap.
358 3761 416 3811 niv.
433 3762 453 3818 l,
472 3774 512 3811 ιο.
532 3759 577 3810 ubi
608 3756 824 3807 iaudatDmkenb.
844 3760 874 3808 ad
887 3760 982 3810 Livium
1002 3762 1034 3816 Χ,
1053 3776 1077 3826 3.
1136 3786 1143 3796 ·

100 3832 245 3881 Pontifexa
268 3825 388 3893 Pompilio
402 3843 495 3881 creatur
515 3826 575 3877 dici-
606 3825 649 3873 ubi
661 3824 735 3875 eriam
749 3828 779 3877 de
793 3826 909 3877 uniente
920 3828 1017 3879 Mesua
1029 3828 1078 3877 hoe
1122 3840 1124 3848 ’
1165 3864 1168 3871 .

103 3912 158 3949 tur:
175 3900 206 3951 ad
227 3896 251 3963 q.
264 3899 281 3947 i.
293 3914 317 3948 v.
331 3895 452 3961 Sigonius.
477 3896 527 3953 tid.
545 3898 575 3947 de
608 3893 719 3942 nomine.

959 3928 964 3936 ·
979 3980 993 4027 5
1011 3961 1078 4011 coer·
