2850 4625
618 198 1096 372 'nunaurarto

343 446 422 527 non
440 444 553 525 pauca
569 418 639 497 elle
656 419 694 500 in
713 445 842 498 eorum
855 442 1061 512 contextu,
1087 442 1129 497 ut
1143 420 1284 499 duobus
1299 427 1362 526 qui

279 547 284 567 ¹
342 535 430 613 dem
446 520 576 611 abhinc
590 528 716 609 seculis
726 530 843 609 editus
861 531 957 622 esset,
984 557 1076 633 quae
1086 546 1219 609 temere
1235 535 1362 637 irrepsa

155 723 161 744 ,
255 694 257 697 -
343 650 437 741 rint,
470 670 542 730 nec
563 640 707 720 ebonis
730 643 826 721 libris
842 644 1025 722 venerint:
1060 661 1121 720 'tot
1135 644 1251 723 autem
1270 646 1362 727 libr<

244 842 247 850 ,
285 772 290 777 “
342 760 400 837 vel
418 755 647 857 conquirere,
673 755 960 858 velcomparare,
990 781 1094 857 quam
1103 752 1258 856 difficile,
1273 783 1362 857 quat

298 936 301 945 Δ
341 868 523 951 molestiae
537 868 684 969 plenum
700 866 763 960 s1t‚‘
792 866 895 945 facile
913 865 1063 971 intelligi
1077 865 1188 969 polle,
1267 873 1362 949 Ann

214 1050 216 1056 .
332 990 462 1061 'autem
476 980 576 1083 poll,
604 1004 690 1055 cum
707 977 799 1055 ratio
811 978 1055 1054 institutorum
1081 1002 1242 1057 meorum
1259 981 1304 1057 ita
1323 1006 1362 1059 tu

342 1090 443 1186 liffea
468 1114 509 1167 ut
522 1090 662 1191 aliquot
676 1090 871 1184 Annalium
888 1090 996 1167 libros
1016 1090 1167 1192 publicis
1185 1091 1227 1167 in
1243 1095 1362 1173 Acade

341 1204 411 1283 mia
419 1202 634 1287 lectionibus
645 1218 855 1291 enarrarem,
870 1200 1106 1279 animadversa
1127 1204 1362 1308 exemplatim

290 1408 293 1415 Δ
340 1316 380 1395 in
395 1314 548 1393 tabernis
563 1310 708 1399 librariis
730 1312 928 1416 paucitate,
953 1312 1045 1391 serio
1060 1338 1206 1416 rogatus
1220 1315 1312 1408 stam,
1343 1347 1362 1397 r

238 1522 240 1529 Ι
268 1476 272 1483 ·
340 1426 381 1507 id
394 1425 515 1503 oneris
533 1424 620 1504 mihi
634 1446 776 1530 paterer
789 1424 944 1529 imponi,
975 1447 1012 1501 et
1029 1427 1362 1508 novam‘Taeitiedi

341 1538 480 1617 tionem
497 1557 670 1623 curarem.
724 1537 1045 1639 Receptotandem
1060 1534 1224 1640 negotio,
1248 1539 1362 1620 relicti

341 1650 512 1735 omnibus
535 1670 678 1727 mecum
694 1646 895 1749 constinai,'
912 1648 1002 1749 quid
1019 1651 1172 1726 maxime
1190 1651 1362 1751 agendun

289 1818 290 1825 a
341 1762 430 1863 quid
447 1758 580 1839 consilii
590 1757 813 1862 sequendum
829 1782 1005 1861 putarem.
1028 1794 1034 1806 ·
1066 1759 1263 1839 Etliaurem
1279 1762 1362 1842 vide

285 1880 289 1887 ’
341 1875 446 1975 bam,
461 1878 463 1882 ’
479 1896 575 1949 nova
591 1871 755 1949 editione
780 1870 940 1947 maxime
950 1872 992 1947 iis
1008 1870 1214 1951 consultum
1230 1872 1271 1949 iri
1280 1926 1292 1965 ‚
1319 1902 1362 1978 qt

339 1984 381 2063 in
398 1980 555 2087 legendo
566 1984 706 2063 Tacito
726 1983 835 2060 aliena
848 2008 922 2087 ope
942 1984 1317 2084 indigenum-‘tamen
1338 1990 1362 2065 it

295 2089 299 2100 ’
339 2120 400 2185 me
420 2094 643 2198 comparavi,
658 2166 661 2173 .
679 2116 817 2174 utnon
837 2094 923 2172 huic
941 2096 1055 2183 morlo
1078 2096 1131 2174 rei
1146 2092 1362 2177 satisfacerer

338 2206 571 2316 pronubus,
595 2202 781 2297 sedetiam
794 2229 927 2308 operae
943 2206 1095 2309 aliquid(
1114 2206 1306 2310 fipollem,
1320 2236 1362 2287 n:

267 2341 268 2346 ’
315 2344 460 2414 ,vatem
483 2317 620 2396 Tacito
635 2317 720 2421 ipfi,
763 2317 833 2397 live
848 2318 972 2423 potius
996 2321 1056 2415 iis,
1095 2319 1158 2423 qui
1175 2319 1362 2423 interpret

258 2471 264 2481 ¹
339 2430 471 2514 auxilio
500 2455 579 2526 non
600 2429 797 2509 admodum
818 2428 1022 2531 indigerent
1029 2484 1044 2535 ,Ι
1077 2427 1259 2524 ceterum,
1295 2437 1362 2534 qui

338 2543 493 2624 Tacitus
518 2539 690 2646 scripserit
714 2566 865 2643 quoque
890 2541 999 2633 loc03
1031 2567 1123 2644 quae
1146 2567 1229 2620 vera
1256 2569 1362 2623 mant

244 2643 248 2658 ¹
276 2650 281 2658 ’
339 2655 495 2748 auctoris
510 2651 607 2748 esset,
630 2652 685 2731 vel
701 2653 840 2741 doceri,
862 2654 920 2732 vel
928 2654 1085 2734 iudicare
1093 2653 1155 2756 ipsi
1165 2653 1312 2732 vellent.
1345 2663 1362 2737 l

339 2766 513 2868 quoniam
535 2766 636 2868 prior
652 2765 709 2842 illa
735 2763 870 2850 confilii
884 2789 965 2868 pars
988 2763 1188 2869 procedere
1211 2762 1362 2869 saepem

337 2901 443 2955 mero
458 2902 536 2954 non
554 2877 684 2980 potest,
712 2875 774 2954 nist
787 2875 835 2954 de
850 2901 932 2955 vera
940 2876 1100 2954 lectione
1113 2878 1273 2957 constet:
1314 2905 1362 2980 pr

103 3039 109 3048 ·
197 3009 219 3046 ’-
338 3013 441 3068 mum
456 2989 621 3065 omnium
644 2988 719 3066 hoc
741 2987 820 3090 egi,
851 3009 916 3078 ut,
955 2987 1066 3067 veluti
1081 2990 1227 3068 materia
1246 3015 1290 3065 ac
1308 2989 1362 3068 stu

338 3099 476 3180 Critica
491 3097 673 3202 congesta,
689 3101 745 3176 vel
756 3098 830 3202 ipse
839 3125 937 3176 veras
946 3099 1122 3178 lectiones
1136 3126 1317 3192 eruerem,
1334 3131 1362 3179 v

338 3211 516 3290 acutiores
536 3207 584 3288 ad
604 3236 726 3290 earum
748 3209 1027 3314 indagandarum
1046 3211 1254 3294 facultatem
1280 3213 1362 3294 adit

308 3345 471 3422 starem.
525 3326 568 3400 ln
584 3347 661 3424 quo
677 3321 741 3401 etst
755 3322 928 3427 temporis
942 3323 1133 3426 angustiae,
1159 3325 1198 3404 in
1214 3350 1307 3426 quas
1333 3353 1362 3405 n

243 3491 246 3497 -
337 3431 496 3511 rationes
517 3433 676 3512 librariae
701 3431 973 3536 concluserant,
1007 3434 1147 3528 fecere,
1182 3457 1226 3513 ut
1251 3436 1362 3517 minu

338 3569 446 3648 quam
463 3541 543 3646 spes
559 3543 656 3638 elfet,
686 3570 747 3624 aut
763 3546 930 3626 voluntas
947 3537 1070 3642 ferret,
1092 3541 1236 3624 efficere
1252 3572 1356 3652 potu

137 3707 144 3716 -
249 3661 259 3674 ’
317 3656 424 3736 rim:
470 3681 590 3735 tamen
623 3658 680 3738 vel
706 3657 754 3735 fic
776 3684 835 3735 me
863 3654 943 3736 satis
964 3657 1107 3736 felicem
1131 3659 1247 3752 laetor
1273 3659 1362 3739 fuill

338 3762 444 3871 (nam
468 3767 640 3872 profecto
667 3791 706 3847 et
728 3771 767 3848 in
782 3771 858 3848 hoc
875 3795 1009 3872 genere
1032 3771 1207 3872 quaedam
1228 3772 1359 3850 intelli

228 3933 231 3945 ι
337 3880 489 3962 felicitas
511 3881 655 3988 potest,
690 3871 843 3986 quaein
865 3903 1033 3992 tempore
1057 3879 1187 3966 offerat
1206 3877 1356 3962 libroru

1283 4019 1362 4101 cop
