2850 4625
324 243 385 327 aaz
459 268 463 277 ·
528 232 1104 348 'econnrurrracrrr
1212 183 1215 190 ’

251 397 322 454 nv·
331 389 419 477 Ergo
435 382 662 454 crudelitatem
676 381 847 474 principis,
871 380 922 448 cui
943 399 1072 448 ceterae
1087 377 1254 450 libidines
1267 403 1307 450 tt-

258 477 317 548 ⁸²⁰.·
334 468 465 554 debant,
487 471 685 564 aggreditur,
707 472 879 540 amicitiam
894 470 1026 562 Scevini
1040 469 1211 538 Petronio
1229 471 1304 539 obla

254 535 322 667 Λᾰξ·
333 585 439 642 ctans,
463 582 624 652 corrupto
640 561 683 630 ad
695 561 852 628 indicium
867 556 981 638 servo,
1010 558 1246 650 ademptaque
1266 562 1306 628 dt-

327 650 495 731 fensione,
531 669 566 716 et
592 649 717 717 maiore
738 667 832 739 parte
854 646 992 716 familiae
1016 649 1049 715 in
1070 647 1187 715 vincla
1220 672 1311 741 rapu

220 741 225 748 ’
275 749 310 818 ¹9
331 744 432 812 Forte
446 740 508 806 illis
522 738 637 807 diebus
652 737 861 826 Campaniam
876 737 1040 828 petiverat
1052 733 1188 816 Caesar,
1214 761 1249 808 et
1257 742 1313 807 Cu·

332 853 398 901 mas
412 850 517 920 usque
530 825 715 931 progrellus
730 825 901 894 Petronius
916 823 981 892 illic
995 825 1214 896 attinebatur.
1245 831 1313 896 Nec

332 918 407 988 tulit
418 917 503 986 ultra
514 917 641 991 timoris
650 934 704 982 aut
719 911 788 1005 spei
797 935 917 982 moras.
940 936 1047 1004 neque
1060 933 1178 983 tamen
1207 915 1309 1009 ¹prae·

282 1009 286 1017 ’
334 1031 413 1099 ceps
422 1009 522 1076 vitam
536 1003 675 1096 expulit,
700 1001 756 1072 sed
771 999 885 1070 incisas
893 1024 1002 1081 venas,
1024 1022 1062 1068 ut
1071 1002 1221 1084 libitum,
1236 1005 1309 1073 obla·

331 1119 433 1190 gatas,
455 1096 583 1188 aperire
597 1090 733 1172 rursum,
758 1111 791 1160 et
806 1091 930 1181 alloqui
946 1091 1079 1169 amicos,
1106 1115 1179 1160 non
1193 1117 1259 1184 per
1273 1093 1290 1162 l
1301 1133 1313 1146 -

332 1190 391 1267 ria,
413 1206 467 1253 aut
480 1183 600 1276 quibus
622 1179 818 1249 comitantiae
841 1180 977 1269 gloriam
992 1199 1137 1270 peteret.
1191 1185 1314 1252 Audit·

335 1277 459 1366 batque
483 1271 678 1353 referentes,
710 1269 792 1336 nihil
807 1268 849 1338 de
865 1267 1108 1336 immortalitate
1125 1271 1267 1349 atrimae,
1286 1291 1316 1339 et

333 1363 526 1456 sapientium
534 1359 671 1454 placitis,
694 1356 752 1428 sed
767 1357 851 1425 levia
867 1357 1018 1436 earmina,
1042 1376 1076 1424 et
1098 1354 1317 1426 ²facilesver·

335 1451 396 1520 sus.
425 1451 595 1520 servotum
621 1447 700 1516 alios
723 1445 908 1538 largitione,
962 1444 1101 1513 uosdam
1118 1448 1317 1516 verberibus

336 1537 456 1609 affecit.
484 1539 558 1606 iniit
580 1537 716 1616 etuias,
739 1535 854 1604 somno
875 1467 1020 1614 inutilla,
1056 1553 1095 1601 ut
1117 1557 1318 1628 quamquam

333 1650 449 1697 coacta
463 1623 726 1705 mors,fottuitae
740 1621 846 1692 similis
861 1622 947 1692 ell'et.
993 1624 1047 1689 Ne
1061 1623 1233 1692 codicillis
1249 1627 1318 1716 qui-

336 1720 412 1790 dem
441 1716 553 1807 (quod
567 1713 719 1805 plerique
734 1713 962 1802 pereuntium)
986 1713 1162 1779 Neronem
1184 1735 1244 1783 aut
1262 1717 1317 1782 Ti-

334 1807 499 1897 gellinum,
523 1825 579 1872 aut
593 1825 693 1907 quem
702 1802 798 1870 alium
811 1801 998 1891 potentium
1011 1799 1160 1868 adulatus
1176 1802 1243 1870 est:
1267 1803 1317 1871 sed

257 1978 262 1986 ⁸
335 1897 454 1986 flagitia
470 1891 648 1985 principis,
674 1889 730 1959 sub
756 1889 942 1970 nominibus
957 1887 1192 1971 exoletorum,
1226 1891 1319 1960 ferni-

338 1972 531 2074 natumque,
554 1980 739 2050 etnouitate
748 1979 907 2070 cuiusque
921 1974 1032 2068 llupri,
1055 1975 1262 2070 perseripfit,
1276 2004 1319 2048 at-

337 2097 403 2165 que
419 2068 583 2162 oblignata
607 2067 689 2137 misit
711 2069 850 2138 Neroni.
880 2065 1045 2157 fregitque
1069 2069 1242 2148 annulum,
1280 2093 1321 2137 ne

231 2198 236 2206 κ
276 2173 317 2221 20
337 2185 418 2230 mox
433 2161 502 2228 uliti
522 2159 597 2228 ellet
613 2160 654 2226 ad
666 2156 814 2226 facienda
831 2155 987 2248 pericula.
1041 2159 1244 2248 Ambigenti
1254 2162 1320 2226 Ne-

290 2277 299 2290 ’
335 2251 420 2331 roni,
443 2270 588 2341 quonam
606 2247 709 2315 motlo
730 2245 877 2316 noctium
891 2244 1017 2317 suatum
1030 2243 1320 2335 ingenianotel'ct-

311 2376 316 2383 ·
334 2360 418 2419 tent,
433 2334 582 2411 offertur
596 2336 681 2415 Silia,
702 2337 914 2403 matrimonio
931 2334 1084 2403 senatoris
1093 2335 1189 2406 haud
1198 2340 1321 2428 ignota,
1387 2338 1388 2363 ¹

338 2450 372 2497 et
389 2427 445 2526 ipsa
461 2428 500 2495 ad
515 2448 646 2493 ormem
661 2424 831 2495 libidinem
845 2423 974 2502 adscita,
1002 2446 1040 2491 ac
1057 2426 1224 2494 Petronio
1247 2448 1321 2519 per-

338 2542 436 2608 quam
448 2514 621 2595 familiaris.
644 2514 749 2604 agitur
765 2516 796 2581 in
813 2510 978 2595 exfilium‚
1007 2532 1176 2604 tamquam
1194 2538 1266 2585 non
1287 2516 1321 2583 ti-

337 2606 458 2679 luill'et,
486 2628 570 2693 quae
585 2604 711 2671 viderat
727 2603 989 2694 pertuleratque,
1030 2599 1204 2693 'proprio
1229 2610 1319 2674 odia.

300 2728 303 2733 ·
338 2698 385 2763 At
403 2694 590 2761 Numicium
607 2693 801 2771 Thermum,
824 2708 974 2781 praetura
992 2687 1153 2771 functum,
1180 2696 1320 2785 Tigelli-

338 2786 372 2852 ni
393 2781 601 2849 simultatibus
625 2780 772 2861 dedidit,
830 2780 881 2848 uia
905 2778 1038 2847 libertus
1056 2782 1202 2848 Thernii
1222 2807 1319 2875 quae

339 2869 413 2941 dam
426 2871 470 2939 tle
481 2870 647 2959 Tigellino
665 2800 838 2939 criminale
859 2868 1034 2949 detulerat,
1057 2888 1141 2959 quae
1165 2876 1321 2939 cruciati-

337 2962 399 3033 bus
414 2954 762 3055 tormentorumdpse,
792 2968 950 3051 patronus
967 2956 1034 3027 eius
1051 2979 1134 3027 nece
1156 2960 1319 3029 immerita

1208 3050 1317 3119 lueret

372 3235 514 3302 aptatam
535 3236 636 3297 ultam]
658 3234 756 3299 Hegeas
776 3229 810 3284 est
843 3244 932 3295 neque.
962 3232 1059 3302 Propria
1078 3239 1132 3287 uuo
1152 3234 1229 3287 lam:
1252 3236 1311 3285 Natt-

340 3307 443 3361 Ac‘lalii
465 3305 600 3357 coniectura
626 3316 668 3367 per
695 3315 811 3369 praecept.
843 3298 886 3351 rt.
897 3315 921 3366 pt
929 3299 954 3367 s.
969 3298 1244 3367 iigadinlfiualtatr'las
1259 3302 1313 3350 aedi

341 3379 401 3428 lllor
414 3372 499 3423 Guelf.
512 3388 526 3423 a
539 3386 604 3424 tnan.
616 3370 663 3423 see,
677 3370 811 3420 nlilitum
843 3372 888 3431 Ait.
921 3372 978 3419 Mox
996 3374 1046 3421 MS.
1066 3374 1101 3423 n.
1123 3378 1164 3423 ed.
1186 3390 1222 3437 pt.
1240 3368 1310 3420 ,ltad-

342 3444 402 3495 item
414 3444 495 3505 edpt.
667 3470 676 3489 .
741 3452 744 3457 ’
844 3438 898 3494 till,
915 3440 1095 3503 undellytltiua
1116 3442 1224 3491 faciebat
1240 3438 1308 3486 dim·

375 3510 495 3560 afan'ler
512 3506 615 3567 wetsten]
635 3507 695 3555 siant
717 3503 812 3560 ludicri,
845 3507 900 3553 tias.
919 3512 992 3555 tecte.
1024 3508 1089 3557 Nam
1104 3511 1158 3558 eius
1183 3508 1259 3569 gentis
1274 3520 1310 3550 to·

342 3574 430 3632 iocosa,
447 3579 476 3625 dt
490 3580 563 3623 rebua
577 3572 700 3622 amatoriis
712 3586 738 3619 tt
751 3566 813 3618 sami-
845 3586 948 3634 gnomen
973 3570 1072 3627 naui.
1108 3576 1212 3625 Druna
1245 3584 1313 3636 porto

342 3646 417 3694 libus.
456 3644 516 3693 Mox
544 3655 676 3702 quamquam
709 3640 746 3687 ed.
777 3652 812 3701 pr.
844 3640 892 3692 MS,
922 3638 1007 3688 Guelf.
1038 3644 1094 3691 edd,
1129 3642 1223 3695 [ami.
1250 3639 1313 3697 seqq.

343 3713 418 3761 Rhea.
437 3708 490 3775 sqq.
514 3721 607 3759 ceterae
630 3720 725 3755 veteres
742 3700 811 3765 qaqſs.
846 3720 936 3758 omneu
970 3709 1002 3757 At
1014 3708 1079 3759 lior.
1091 3712 1150 3761 und.
1164 3706 1310 3768 Ast-‘dli‘-

342 3780 430 3829 aenis.
445 3775 529 3831 Guelt‘,
542 3788 702 3837 aquatum
713 3790 744 3821 aa.
844 3775 953 3821 aaran.
992 3776 1072 3826 Etiam
1096 3778 1123 3829 in
1146 3771 1221 3827 Guth
1239 3782 1306 3816 mara.

376 3861 385 3893 t
413 3845 510 3907 Propria
530 3848 607 3903 odia]
645 3842 732 3890 Veram
749 3852 811 3903 putu
843 3840 888 3891 set.
908 3840 998 3892 addidit
1017 3858 1057 3895 m
1071 3845 1098 3896 in
1112 3845 1160 3895 fine
1191 3836 1310 3886 laudae-

246 3950 251 3961 ,
340 3903 496 3964 Patiuabtmii
511 3912 698 3965 cottonianam:
710 3906 811 3969 μναῖν·
846 3924 903 3957 turn
922 3908 961 3957 ea.

1209 3984 1313 4042 rrarae-
1386 3924 1387 4007 l
