2850 4625
589 197 1000 325 enarrarro
1121 200 1125 208 ’

210 428 213 439 ’
271 406 376 485 etiam
392 402 549 507 reliquos
565 404 689 483 Taciti
712 404 823 485 libros
846 409 947 486 Ann.
971 428 1010 485 et
1032 403 1272 486 Historiarum
1290 428 1316 484 e

273 522 349 599 MS.
365 516 598 609 Florentino,
624 516 902 619 Langobardico
918 519 996 614 illo,
1020 516 1182 597 edidisse:
1211 516 1317 619 quod

242 644 245 672 ¹
269 626 481 709 salsissimum
496 626 584 728 esse,
611 652 671 705 me
689 654 747 706 res
770 630 911 709 docuit.
993 630 1070 733 lpsa
1093 627 1314 734 praefatiun-

241 764 243 769 ’
263 743 367 849 ¹cula,
401 762 440 817 et
459 737 661 818 admonitio
679 741 730 819 de
746 742 890 821 mendis
904 742 1197 846 typographicis,
1221 740 1317 819 libro

269 854 401 957 quinto
416 850 589 953 subiecta,
622 850 759 930 docere
775 874 939 957 poterat,
971 841 1190 932 Beroaldum
1203 853 1315 952 quin·-

151 973 153 984 '
268 988 341 1067 que
364 964 445 1040 illos
468 962 576 1040 libros
597 985 740 1043 tantum
762 990 783 1041 e
807 969 888 1045 MS.
915 965 1127 1045 Corbeiensr
1154 961 1314 1042 edidilse.

267 1080 364 1157 Nam
379 1076 466 1152 alter
481 1074 540 1151 ille
547 1074 693 1165 Codex,
711 1077 892 1155 incertum
907 1077 973 1171 est,
997 1103 1043 1156 an
1059 1099 1138 1155 tum
1154 1076 1314 1153 iamFlo-

267 1186 404 1267 tentiae
418 1186 538 1265 fuerit.
594 1188 632 1265 Si
646 1186 730 1288 fuit,
763 1189 852 1290 quid
871 1188 909 1267 id
924 1189 970 1267 ad
984 1188 1222 1281 Beroaldunt,
1247 1187 1314 1288 qui

267 1302 406 1379 Romae
423 1302 521 1375 erat?
571 1298 759 1403 Agebatur
775 1300 1030 1403 boematum,
1061 1322 1105 1378 ut
1119 1298 1200 1378 libri
1216 1324 1313 1394 non-

183 1434 189 1446 ·
267 1414 357 1492 dum
372 1410 460 1488 editi
483 1401 730 1513 vulgarentur)
781 1412 908 1491 Ceteri
921 1413 1029 1516 igitur
1042 1410 1154 1491 additi
1167 1409 1250 1490 sunt
1265 1433 1313 1488 ex

266 1524 428 1602 editione
443 1524 499 1601 Fr.
517 1523 719 1601 Puteolani.
755 1569 761 1589 ι
774 1524 891 1602 Cuius
905 1526 956 1602 rei
971 1522 1148 1603 indicium
1162 1521 1221 1599 vel
1236 1522 1313 1599 hoe
1412 1570 1416 1578 ·

265 1637 330 1736 est,
359 1634 459 1735 quod
475 1633 588 1711 Libro
604 1636 666 1714 XI.
686 1634 886 1737 praeposta
900 1637 953 1714 est
967 1635 1155 1715 Puteolani
1174 1630 1315 1737 praefa-

8 1744 10 1759 ’
98 1754 109 1773 ’
265 1748 332 1838 tio.
393 1744 592 1825 Planisfime
610 1766 732 1823 autern
747 1746 822 1825 lroc
833 1773 894 1825 me
908 1748 1036 1827 docuit
1049 1749 1314 1825 textusRoma·

264 1861 303 1961 ni
320 1856 425 1963 ipsius
442 1882 526 1934 cnm
542 1861 693 1936 Veneto
707 1860 942 1962 comparatio.
995 1860 1141 1937 Etenim
1156 1858 1241 1949 vidi,
1257 1856 1313 1934 lo-

265 1972 328 2073 cis¹
342 1968 485 2072 oppido
510 1972 634 2072 'paucis
662 1970 763 2047 illum
786 1971 831 2048 ab
854 1970 928 2048 hoc
950 1968 1169 2075 discrepare:
1203 1968 1312 2047 sicubi

104 2144 108 2158 .
263 2082 454 2185 discrepet,
480 2078 517 2157 id
535 2103 596 2159 aut
612 2082 702 2159 vitio
716 2104 921 2185 operarum,
947 2104 1008 2159 aut
1023 2082 1240 2161 correctoris
1259 2076 1312 2157 se·

265 2193 415 2273 dulitate
442 2190 597 2285 factum,
631 2214 673 2271 ut
689 2190 767 2271 sere
784 2193 914 2279 accidit
935 2194 974 2271 in
999 2194 1167 2272 omnibus
1182 2192 1311 2271 talibus

264 2307 375 2388 libris.
405 2304 424 2406 (
438 2302 509 2382 vid.
524 2329 615 2408 quae
624 2329 714 2384 mox
727 2302 776 2384 de
792 2305 924 2385 Aldina
940 2302 997 2385 ed.
1012 2307 1200 2408 dicentur>
1226 2308 1311 2402 Nec

262 2414 572 2500 Mediolanensem
588 2418 711 2521 potius
736 2418 925 2496 Puteolani
945 2417 1145 2496 editionem
1166 2411 1311 2521 expres-

263 2529 337 2608 fille
367 2529 604 2629 Beroaldum,
638 2553 747 2634 parva
770 2552 828 2606 res
852 2527 993 2607 indicio
1013 2529 1076 2607 est.
1156 2533 1255 2609 Nam
1269 2527 1311 2607 in
1350 2583 1354 2588 ν

263 2637 487 2747 praefatione
500 2641 688 2718 Puteolani
702 2640 802 2719 idem
818 2665 920 2720 error
933 2664 1125 2743 operarum
1141 2641 1204 2740 est,
1240 2641 1310 2722 Ve-

262 2757 341 2837 teri
356 2777 426 2856 pro
450 2753 578 2832 Veneti
589 2751 882 2854 exprimentium,
908 2753 970 2856 qui
987 2754 1027 2830 in
1044 2756 1197 2831 Veneta.
1238 2755 1310 2832 lta-

108 2897 112 2902 ·
263 2892 337 2968 que
353 2863 479 2942 srul‘rra
496 2865 522 2940 Ι.
539 2864 755 2943 Gronovius
768 2863 931 2966 pluribus
945 2865 1036 2942 locis
1061 2861 1160 2970 (vid.
1178 2861 1309 2945 need
1420 2938 1421 2941 .

261 2979 348 3069 XV,
364 2985 426 3072 64.
444 2975 543 3068 XVI,
558 3002 581 3053 r.
608 2978 681 3052 XV
681 3039 693 3077 ‚
714 3002 749 3053 11.
760 2998 841 3065 not.
859 3001 947 3058 1.10.
961 2975 1022 3053 ubi
1039 2976 1129 3052 mire
1144 2976 1178 3054 se
1194 3001 1308 3080 expe·

263 3089 341 3182 dit)
368 3083 526 3164 irascitur
540 3088 740 3180 Beroaldo,
769 3087 887 3180 aliter,
916 3085 1304 3190 quarninPlorentino

262 3197 513 3288 Codiceeffer,
531 3198 667 3290 edenti,
689 3197 914 3302 quaeritque,
922 3200 985 3278 ubi
993 3199 1124 3277 oculos
1134 3198 1307 3281 habuerit.

129 3383 137 3404 .
261 3321 411 3412 Nempe
428 3307 626 3409 longilstme
644 3308 765 3387 abillo
787 3311 949 3405 Codicet
1001 3310 1065 3411 qui
1082 3311 1169 3389 alius
1192 3311 1245 3386 est
1260 3310 1306 3387 ab

148 3441 155 3474 s
261 3455 330 3524 eo,
365 3445 516 3522 querna
541 3421 668 3498 Leone
696 3420 881 3500 edendum
902 3423 1056 3525 accepit.
1133 3423 1205 3506 Sed
1228 3446 1307 3524 age,

261 3535 437 3640 exemplis
453 3532 593 3632 aliquot
609 3557 752 3636 praeter
771 3557 824 3628 ea,
851 3559 944 3636 quae
958 3556 1042 3612 ante
1057 3533 1306 3625 indicavimus,

260 3649 396 3764 pofitis,
422 3669 500 3724 rem
514 3645 654 3746 planam
669 3643 850 3724 faciamus.
912 3655 962 3728 A.
986 3647 1083 3734 Xlll,
1096 3673 1145 3746 ¹4·
1168 3644 1247 3726 init.
1266 3665 1306 3721 et

260 3773 311 3851 H·
326 3761 391 3853 1V,
406 3783 450 3840 21.
467 3757 548 3834 MS.
562 3748 892 3839 moraliorem:
919 3761 999 3836 Ber.
1014 3757 1128 3858 priori
1146 3757 1303 3838 locoar-

158 3957 162 3965 .
259 3878 413 3965 hiarium,
444 3868 557 3948 altero
584 3861 791 3969 arbitrum,
829 3891 873 3951 ut
894 3857 1122 3974 Puteolanus.
1143 3871 1240 3957 Xlll,
1258 3889 1304 3943 at.

576 4000 578 4008 ’
1209 3997 1302 4057 extr.
