2850 4625
437 298 440 307 ·
556 271 975 397 annnarnrro,
1113 206 1119 210 ⁸

132 486 135 493 ·
254 438 319 521 illo
335 402 547 539 antiquiori,
583 437 623 514 in
651 438 821 519 omnibus
836 440 940 519 MSS.
956 434 1183 516 conservatae
1194 438 1300 541 repe·

254 554 409 633 riuntur.
426 574 461 626 v.
471 547 516 625 ad
529 549 580 629 H.
595 552 656 651 111,
672 574 701 643 5.
720 548 775 645 65.
822 548 935 628 Vnde
951 573 1030 626 non
1047 574 1118 627 una
1133 549 1302 633 observa·

255 668 311 745 tio
335 658 507 753 nascitur,
534 652 696 739 studiosa
713 661 796 739 artis
818 660 977 740 criticae
998 660 1330 744 commendandan
1415 701 1416 746 ς

256 780 353 859 Nam
363 776 523 887 primum
538 772 624 849 hinc
642 772 880 875 intelligitur,
895 797 1025 852 ornnes
1043 773 1229 850 varietates
1244 772 1300 849 le·
1415 765 1416 804 ³

208 909 214 945 ¹-
255 881 434 985 cdouum,
460 907 585 983 quare
600 884 703 963 MSS.
718 904 859 961 notatas
875 875 1059 978 habemus,
1084 884 1231 987 proprie
1242 883 1299 959 ni·

212 1046 214 1051 ·
252 998 304 1078 hil
320 996 413 1075 aliud
429 993 510 1087 esse,
533 1018 641 1097 quarn
656 996 842 1073 varietates
858 998 965 1073 unius
983 995 1192 1099 apographi,
1219 1019 1299 1073 non
1415 1023 1416 1040 ¹

191 1112 197 1203 J
252 1108 410 1217 plurium
425 1106 622 1199 Codicum,
649 1105 711 1207 qui
728 1132 775 1183 ex
791 1102 990 1215 ἆςχιτῦπῳ
1005 1107 1184 1187 fluxerint.
1214 1110 1298 1186 Vn.

253 1221 302 1298 de
317 1218 358 1295 fit
369 1212 536 1319 secunda,
564 1241 607 1293 ut
622 1215 795 1296 omnibus
816 1218 1024 1297 Codicibua
1042 1218 1297 1322 comparandis
1415 1217 1416 1226 ’

248 1330 340 1425 nihil
354 1329 447 1407 aliud
462 1324 557 1405 effici
573 1327 692 1431 posht‚
718 1353 826 1429 quam
848 1350 908 1423 ut,
921 1330 1010 1431 quid
1026 1329 1065 1406 in
1086 1354 1133 1406 eo
1149 1354 1298 1433 apogra-
1337 1363 1340 1368 ⁴

250 1442 341 1549 pho,
368 1440 466 1519 unde
481 1440 506 1519 ii
516 1464 658 1533 venere,
673 1438 793 1533 suerit,
817 1440 1050 1519 inveniamus.
1104 1442 1297 1523 Hauctaer·

114 1591 138 1659 ,ὲ
251 1559 306 1637 tia
320 1551 470 1631 caussam
487 1549 555 1629 esse
571 1552 758 1655 paucitatis
773 1552 971 1629 variantum
988 1554 1204 1643 lectionum,
1241 1577 1296 1631 at·

251 1659 481 1768 querendam
498 1664 782 1764 corruptelarum
799 1687 836 1741 et
857 1665 1095 1758 mendorum,
1127 1665 1171 1741 in
1182 1665 1296 1741 Taci-
1397 1727 1401 1735 .

251 1800 294 1855 to
310 1776 551 1877 reliquorum,
579 1774 761 1877 inquibus
778 1774 881 1878 saepe
896 1773 1022 1853 frustra
1044 1774 1080 1854 se
1100 1800 1297 1855 exercuere

125 1945 138 1972 .
250 1886 395 1990 ingenia
411 1882 697 1963 doctissimorum
719 1884 891 1964 virorum.
972 1888 1075 1967 Hinc
1098 1911 1214 1991 porto
1239 1886 1297 1964 di.

250 2000 353 2087 scent
377 1997 547 2098 iuvenca,
589 1995 737 2073 studiosr
758 1997 941 2077 literarum
965 2020 1005 2077 et
1029 1998 1112 2077 artis
1139 1999 1296 2102 criticae,
1399 2095 1403 2102 ι

137 2190 141 2195 .
249 2112 382 2209 (cuiue
391 2134 461 2213 ego
470 2106 668 2187 identidem
677 2132 815 2184 moneo
825 2109 990 2203 iuvenes,
1015 2109 1202 2190 nerninem
1218 2112 1307 2214 pla·⁴

249 2248 300 2301 ne
312 2221 520 2327 imperitum
537 2218 766 2313 essedebere,
791 2221 854 2321 qui
870 2220 904 2299 se
919 2245 999 2298 non
1013 2219 1164 2300 subinde
1177 2218 1311 2325 turpi·-

248 2359 305 2414 tet
323 2333 419 2434 dare,
445 2329 597 2410 ettisunt
609 2330 768 2410 Criticae
783 2330 836 2420 rei
849 2332 988 2436 peritis,
1015 2357 1077 2412 aut
1092 2334 1201 2411 bilem
1213 2357 1295 2410 mo-

247 2471 335 2524 vere
349 2445 456 2542 velit)
483 2435 622 2524 discent
637 2443 746 2545 igitur
759 2443 858 2534 hine,
874 2447 1014 2558 'prima
1041 2471 1125 2524 cum
1138 2444 1184 2521 de
1197 2445 1304 2522 libris·

246 2557 387 2637 MSStis
405 2577 538 2658 agatur,
566 2580 645 2632 non
659 2577 732 2632 tam
748 2555 948 2638 videndum
961 2555 1050 2649 eisc,
1076 2581 1184 2660 quarn
1199 2557 1296 2634 mul·

246 2679 308 2749 tos
329 2691 484 2747 numero
505 2666 707 2766 habeamus,
737 2664 797 2745 sed
812 2691 920 2769 quam
938 2667 1087 2768 multos,
1113 2670 1176 2769 qui
1191 2668 1295 2746 velut
1357 2759 1362 2772 ι

247 2781 304 2860 ius
326 2778 521 2857 sententiae
542 2776 720 2856 dicendae
744 2776 917 2879 habeant,
949 2803 1035 2858 curn
1057 2780 1106 2859 de
1125 2779 1295 2858 lectionis

245 2891 392 2972 alicuius
408 2890 558 2993 veritate
573 2888 766 2991 quaeritur.
822 2893 920 2968 Nam
941 2889 966 2968 fi
981 2916 1022 2970 ru
1040 2915 1190 2970 centum
1212 2891 1295 2970 Co·

245 3005 346 3084 dices
366 2998 531 3094 eiusdem
552 3001 630 3079 libri
647 2999 795 3104 habeas,
821 3025 888 3079 eos
907 3020 1029 3095 antem
1053 3005 1215 3095 constet,
1244 3027 1293 3080 err

245 3140 324 3194 uno
341 3115 551 3218 apographo
563 3113 696 3197 ductos
714 3109 804 3203 esse,
837 3137 916 3191 non
938 3113 1002 3192 nisa
1015 3115 1123 3193 unius
1144 3115 1224 3194 libri
1236 3114 1293 3192 ius

245 3249 284 3305 et
300 3227 579 3312 vimobtineant
593 3220 756 3303 universi.
810 3225 884 3301 lam
899 3246 1025 3327 porro,
1040 3251 1168 3304 nonne
1181 3249 1292 3328 appa.

185 3372 189 3380 ·
243 3361 303 3418 ret
317 3340 390 3415 hoc
405 3333 590 3436 exemplu,
606 3332 645 3412 id
673 3332 777 3434 quod
792 3331 903 3411 fidem
919 3335 1097 3415 excedere
1115 3338 1292 3428 videatur,

243 3473 369 3526 manus
386 3446 549 3550 quamvis
565 3442 789 3526 multas-non
802 3446 919 3522 modo
934 3445 1144 3553 saepiffime‚
1176 3471 1215 3524 et
1229 3470 1291 3524 to·

243 3584 299 3662 to,
324 3557 426 3663 quod
443 3559 554 3650 aiunt,
582 3556 688 3634 coelo
706 3555 886 3634 dissentire
900 3557 939 3635 in
955 3559 1138 3663 scriptura,
1181 3559 1290 3638 etiam

88 3679 91 3686 ’
153 3723 156 3734 ·
243 3696 334 3771 quae
352 3697 399 3748 ex
414 3671 546 3746 eodem
569 3667 677 3756 sonte
700 3665 809 3744 ducta
832 3665 892 3771 fit',
926 3668 989 3749 sed
1006 3671 1113 3748 etiarn
1131 3667 1229 3775 posse
1245 3693 1288 3746 ae

74 3783 78 3790 '
146 3867 163 3883 „
241 3781 355 3862 solere
368 3782 407 3859 iu
423 3780 555 3860 eodem
563 3803 683 3856 errore
698 3776 800 3882 saepe
814 3777 947 3858 summa
957 3782 1168 3887 concordia,
1193 3778 1288 3884 quafi
1415 3800 1417 3839 ῑ

241 3915 505 4000 excompacto,
531 3889 757 3996 consentire?
783 3889 951 4011 Denique
960 3893 1147 3980 luculento
1161 3917 1286 4082 exenss

467 4038 470 4052 ¹
1219 4028 1247 4110 P
