2850 4625
472 292 881 374 PRAEFATIO
1032 360 1039 374 .

176 482 292 561 tanos,
318 458 352 539 S.
365 459 511 539 loannis
525 459 563 537 in
580 426 814 552 Carbonaria,
841 458 1122 553 Caesenatenses,
1135 462 1177 541 T
1177 488 1215 540 a·

178 574 238 651 citi
253 573 330 649 libri
347 573 434 651 inde
450 572 493 649 ab
515 573 580 651 XI.
594 574 694 649 Arrn
713 570 966 672 reperiuntur,
988 571 1050 649 sed
1062 573 1138 651 fere
1155 602 1214 653 re·

178 684 345 763 centio'ris
358 681 566 787 scripturae.
615 682 721 759 Extat
737 682 842 759 etiarn
858 682 995 759 Codex
1009 685 1086 759 MS.
1101 712 1214 765 mern·

177 796 367 896 brauaceus
389 794 428 873 in
443 791 665 873 Bibliotheca
681 791 807 871 Ducali
822 791 1128 891 Guelferbytana‚
1146 812 1215 877 'cu-

174 908 227 985 ius
245 908 333 988 rnibi
351 904 430 983 usus
448 906 605 1007 benigne
621 905 808 994 concessus
823 902 905 984 fuit.
989 907 1024 983 ls
1037 902 1110 982 fuit
1131 908 1215 987 olim

173 1022 213 1099 P.
222 1016 394 1107 Candidi,
420 1014 482 1119 qui
506 1014 564 1095 sua
581 1040 689 1119 manu
706 1015 745 1094 iu
761 1016 851 1093 libro
860 1016 1006 1120 scripsit,
1029 1014 1125 1095 absc
1142 1044 1218 1096 enr-

172 1154 253 1214 turn
261 1128 329 1207 elle
338 1128 575 1221 FerrariaaA.
586 1122 866 1207 MCCCCLXl.
879 1128 938 1207 die
952 1130 1055 1209 lunae
1063 1130 1220 1211 XXVlll

174 1244 276 1344 Sept.
295 1268 312 1317 a
334 1238 518 1317 Francisco
544 1262 660 1317 autern
684 1240 805 1335 Media
828 1242 939 1320 Barba
960 1241 1090 1348 Birago
1113 1240 1218 1319 douo

175 1353 280 1431 datus
302 1351 518 1453 Marquardo
545 1349 693 1444 Gudio‚
731 1377 778 1429 ex
801 1352 906 1431 huius
933 1353 1157 1432 Bibliotheca
1178 1355 1219 1433 in

176 1460 491 1563 Guelferbytanarn
508 1462 620 1541 venit.
707 1455 780 1541 Sed
802 1466 850 1543 de
870 1466 945 1543 hoc
968 1466 1109 1545 Codice
1125 1464 1220 1553 infra

150 1578 152 1583 “
174 1574 335 1679 pluribus
351 1574 479 1656 dicam.
541 1577 669 1655 Minor
683 1570 898 1677 scriptorum
914 1602 1083 1655 numerus
1109 1578 1218 1657 estin

172 1687 372 1765 minoribus
387 1685 525 1787 libellis,
552 1686 614 1788 qui
631 1709 714 1763 curn
731 1686 854 1765 Taciti
869 1690 1069 1766 Annalibus
1092 1712 1129 1766 et
1148 1692 1217 1769 Hi·

172 1797 290 1887 ¹storiis
306 1796 475 1889 eduntur,
492 1800 706 1901 Germania,
732 1798 919 1913 Agricola,
934 1824 973 1877 et
987 1802 1033 1878 dc
1043 1802 1217 1899 Oratori-⁴

172 1902 237 1995 bas
255 1906 425 2025 Dialoga.
485 1906 587 2016 Qid
612 1934 658 1985 ex
681 1910 724 1987 iis
744 1912 941 2012 reperiatur
961 1913 999 1989 in
1021 1912 1216 2005 Vaticanis,
1275 1937 1279 1955 ·

103 2052 109 2057 ·
172 2020 311 2125 Lipsius
326 2046 405 2097 non
420 2021 541 2119 tradit,
566 2018 629 2099 nifi
646 2022 749 2123 quod
764 2023 954 2125 Dialogurn
973 2024 1017 2100 ab
1032 2023 1073 2101 iis
1095 2022 1217 2103 afuille

173 2132 302 2211 scribit.
357 2130 516 2211 Libellus
538 2128 585 2207 de
599 2132 735 2209 Morib.
761 2134 889 2213 Genn.
904 2132 1088 2237 heparatirn
1110 2159 1216 2213 nota·

164 2266 232 2323 ,tur
250 2245 288 2322 in
304 2245 409 2325 MSS.
430 2242 616 2321 Mediceae
640 2244 882 2324 bibliothecae
897 2247 986 2349 plut.
1001 2274 1049 2344 73.
1066 2272 1103 2326 u.
1118 2272 1147 2344 5.
1158 2272 1216 2351 ap.

173 2353 553 2460 Montefalconiunr'p.
563 2369 624 2450 38¹·
640 2379 677 2432 et
687 2357 724 2432 irr
740 2359 844 2436 MSS.
854 2360 1097 2438 Bibliothecae
1113 2361 1217 2438 Nor·

172 2467 258 2547 solc.
281 2467 319 2544 in
344 2465 513 2570 Collegio
532 2467 805 2561 Gresharuenfi‚
841 2472 943 2571 quod
966 2471 1127 2550 Londini
1151 2472 1215 2550 est.
1247 2553 1251 2562 ,

175 2577 450 2660 Aaundellianus
468 2579 566 2680 liber,
591 2579 692 2656 cuius
710 2603 879 2683 excerpta
893 2581 993 2660 dedit
1009 2585 1099 2661 Abt.
1113 2584 1216 2662 Gro·
1324 2601 1329 2613 ’

173 2691 325 2784 novius,
362 2693 410 2771 V.
436 2691 483 2768 C.
507 2691 558 2767 est
581 2691 639 2768 ille
664 2689 759 2794 ipse,
790 2693 852 2792 qui
874 2691 938 2772 sub
964 2694 1217 2775 Pirclrheimeri
1254 2700 1260 2721 '

172 2802 322 2904 nomine
340 2802 470 2881 laudari
485 2800 589 2903 solet,
607 2825 785 2882 utinonet
800 2804 828 2885 l.
844 2807 901 2885 Fr.
917 2807 1149 2897 Gronovius,
1171 2807 1217 2884 ad

173 2917 302 2996 Gerrn.
326 2941 357 2992 c.
375 2941 408 2994 u.
470 2916 529 2991 De
544 2913 638 2992 libro
659 2914 906 3018 Bambetgenli
927 2915 1031 3021 supra
1051 2943 1073 2995 e
1093 2916 1217 3011 Medii

171 3027 318 3132 epistola
338 3026 479 3104 dicturn
504 3023 574 3102 est:
604 3026 714 3103 et‘de
735 3027 926 3106 Turicensr
951 3031 1043 3108 infra
1064 3031 1235 3120 dicetur.

170 3140 362 3244 Agricolae
385 3135 557 3240 scriptum
580 3137 762 3239 exemplar
781 3137 944 3242 nuspiam
967 3163 1134 3220 notatum
1159 3164 1216 3219 re·
1279 3166 1313 3182 ¹*

172 3253 271 3355 peri,
297 3277 367 3328 nec
390 3248 532 3352 Dialogr'
547 3247 594 3326 de
612 3248 849 3343 Oratoribus,
884 3276 1024 3354 praeter
1044 3252 1216 3330 Farnesra·

172 3389 285 3462 num,
316 3384 429 3462 equo
451 3359 593 3464 Lipsius
616 3385 711 3466 euru¹
726 3360 904 3440 correxit:
947 3367 1009 3466 qui
1034 3365 1082 3442 ita
1104 3385 1216 3466 pauca
1237 3448 1246 3463 ἱ
1300 3355 1305 3364 ’

107 3479 112 3490 “
173 3473 301 3579 scripta
325 3473 403 3552 eius
428 3469 506 3550 libri
531 3469 743 3576 exemplaria
764 3471 833 3550 effe
854 3475 962 3576 dicit,
996 3479 1039 3556 ad
1057 3501 1165 3576 caput
1181 3486 1243 3576 tp¹

173 3586 265 3680 libri,
296 3609 337 3663 ut
357 3585 419 3663 vix
445 3583 526 3662 bina
544 3606 605 3663 aut
623 3607 722 3660 terna
737 3582 774 3659 in
796 3587 896 3662 omni
907 3590 1049 3694 Europa
1065 3586 1134 3664 elle
1147 3601 1217 3690 pug
1285 3632 1288 3639 ·

174 3685 239 3776 t'et.
294 3701 407 3776 Nunc
422 3691 585 3772 universe
601 3693 779 3796 quaedam
791 3695 840 3775 de
853 3698 1053 3781 Codicibus
1074 3697 1227 3804 scriptis,

136 3841 143 3850 ·
172 3809 297 3898 Taciti
311 3807 508 3888 dicendum
531 3807 686 3888 videtur.
723 3883 727 3892 .

1155 4036 1213 4112 Ac
