2850 4625
358 282 361 290 .
473 307 475 315 ,
577 172 984 311 unanimo

259 364 437 442 nonnulla
458 386 481 439 e
499 362 600 443 Cod
616 366 708 469 Agr.
729 369 807 445 MS
822 372 915 448 Flor.
934 371 1038 449 catius
1059 394 1273 503 excerptae
1296 376 1346 453 1.
1377 418 1380 427 ·

189 476 465 575 Gronovio
480 501 686 585 acceperat,
717 505 755 561 et
770 482 828 560 ed.
845 484 986 561 Puteol.
1002 488 1179 581 correxit,
1207 511 1350 589 quae-

156 628 158 635 ·
262 588 482 686 demetiam,
505 589 572 671 sed
583 596 729 699 oppido
744 620 870 702 pauca,
893 598 940 675 de
954 600 1177 682 coniectura
1268 649 1273 662 ›

338 802 511 882 Tandem
528 801 575 879 ad
587 756 851 883 recensendum
857 806 1179 895 Tacinunacceffit
1194 814 1222 887 1.
1232 811 1344 888 Gro-

265 924 400 1013 novius,
421 917 618 995 instructus
632 921 1119 1026 excerptisFiotentinorum
1132 928 1345 1019 librorum,

213 1116 215 1124 ,
266 1054 310 1110 et
323 1028 767 1140 accuratiffunautriusqu'e
775 1039 930 1117 Codicis
942 1040 1141 1119 collatione
1149 1040 1342 1119 cumedi-

268 1150 383 1228 tionis
397 1166 569 1253 paternae
583 1174 686 1232 textu
694 1160 709 1249 ‚'
736 1150 838 1230 unde
853 1177 931 1230 nou
952 1177 1030 1230 uno
1042 1153 1082 1252 in
1096 1153 1185 1232 loeo
1197 1174 1340 1253 textus

204 1364 206 1372 y
268 1261 366 1343 bene
378 1286 565 1341 correctus
574 1266 639 1345 est.
687 1268 877 1375 Qantum
891 1268 948 1345 ille
962 1265 1071 1369 pretii
1081 1266 1139 1347 his
1147 1267 1341 1346 librissta-

269 1381 393 1473 tuerit,
415 1372 680 1487 supradictum
700 1383 765 1460 est
828 1385 1027 1475 Vellemus,
1045 1404 1088 1459 ut
1101 1384 1224 1461 mitius
1249 1404 1340 1457 tra-

266 1494 392 1581 ctaffet
412 1494 610 1595 Ryckiutn;
642 1522 753 1598 quem
772 1486 924 1574 subinde
937 1499 976 1573 in
996 1496 1067 1575 levi
1080 1521 1120 1573 re
1132 1496 1189 1573 ita
1200 1487 1343 1570 inc‘ren

268 1630 346 1711 pat,
369 1610 469 1686 velut
482 1609 616 1712 patriae
632 1609 777 1690 salutem
791 1610 1016 1714 prodidiffet.
1063 1606 1260 1706 Credimus
1268 1626 1337 1681 ta-

183 1792 188 1800 .
268 1746 369 1816 men,
392 1722 648 1813 mitiusuiruin
662 1720 1193 1817 excellenterdoctuansenfisse,
1212 1742 1334 1822 qum

266 1836 448 1940 seupfisse.

320 2026 403 2107 Hae
423 1970 503 2107 feie
525 2028 607 2109 sunt
631 1997 835 2128 editiones,
864 2007 1059 2130 quibusuii
1075 2024 1209 2117 sumus‚‘
1237 2046 1334 2099 cum

154 2168 160 2173 ·
219 2136 321 2221 ¹ad
341 2143 515 2223 Tacitum
538 2145 801 2223 recensendum
830 2142 1095 2223 accederemus.
1166 2140 1334 2219 Ceterae

251 2264 396 2363 ¹miuus
410 2258 522 2336 clarae
535 2258 630 2356 sunt,
654 2260 861 2340 necioeum
874 2256 1102 2336 obtinentin
1114 2255 1169 2348 iis,
1192 2250 1334 2355 quibus

273 2367 331 2453 ius
344 2371 741 2476 suffiagiiconcedatur,
763 2400 846 2451 cum
861 2374 909 2451 de
922 2369 1337 2468 iectionealiquaquae·

270 2484 376 2566 titur
426 2490 523 2565 Nam
540 2515 584 2567 ex
597 2515 669 2570 una
684 2489 813 2568 hatum
827 2489 959 2566 ductae
974 2509 1013 2564 et
1031 2480 1223 2606 repetitae
1225 2475 1337 2555 sunt:

118 2665 122 2672 .
197 2615 203 2640 ¹
272 2600 439 2703 etfiqua
453 2600 577 2680 forte
565 2629 607 2680 tn
619 2625 723 2706 parte
744 2601 957 2695 discedunt,
984 2599 1024 2677 id
1040 2619 1100 2678 aut
1121 2589 1244 2698 operis
1256 2589 1339 2670 de·
1378 2598 1379 2601 ‘

243 2746 247 2756 ·
272 2720 395 2811 betur,
417 2735 477 2796 aut
491 2739 572 2792 uon
584 2712 757 2801 esttanu
780 2737 824 2792 ut
837 2736 1032 2820 propterea
1042 2735 1164 2790 earum
1178 2707 1270 2785 ratio
1287 2709 1336 2788 in

272 2833 352 2912 hoc
364 2828 474 2910 censu
488 2829 619 2908 debeat
640 2803 774 2902 haberi.
854 2825 1026 2930 Tempus
1040 2825 1148 2905 facile
1163 2821 1338 2920 docebit,

272 2946 377 3026 unde
397 2967 574 3046 quaeque.
584 2936 740 3016 derivata
762 2935 814 3013 fit.
861 2939 985 3016 'Nam
1000 2966 1043 3020 ut
1063 2938 1336 3044 antbLipfium

183 3037 210 3118 ι·
274 3051 407 3139 omnes
421 3056 587 3134 Rhenani
601 3050 803 3132 editionem
817 3051 1037 3156 expreffere‚
1059 3056 1106 3136 fic
1122 3055 1249 3162 postea
1262 3055 1336 3132 Li-

271 3175 389 3279 pfium
404 3170 515 3251 secuti
530 3168 612 3247 sunt
626 3192 777 3262 omues,
803 3165 944 3246 deinde
954 3169 1163 3264 Piehenam,
1185 3193 1223 3249 et
1237 3171 1334 3249 Ber-

272 3292 483 3378 neteertun7
506 3305 566 3360 aut
581 3280 687 3359 huius
701 3278 907 3434 sequaces.
965 3334 969 3343 ι

346 3480 559 3574 Antequam
574 3467 662 3547 hinc
677 3422 916 3573 digreiinur,
954 3493 1072 3550 unum
1085 3467 1175 3549 libet
1194 3490 1331 3548 mone-

272 3621 313 3674 re
326 3587 521 3682 studiosos,
540 3607 584 3665 ut
596 3585 746 3674 discant,
770 3605 930 3682 quactes
944 3580 986 3660 sat
1001 3607 1054 3675 ea,
1074 3605 1169 3682 quae
1184 3581 1334 3684 vulgata

262 3709 342 3813 five
355 3724 489 3806 recepta
504 3701 601 3782 lectio
621 3698 700 3780 dici
712 3695 825 3790 solet,
848 3719 960 3796 quam
978 3719 1050 3773 tam
1072 3695 1228 3774 libenter
1246 3722 1331 3775 cre·

272 3846 366 3930 pant
379 3817 538 3926 inpetiu
551 3843 604 3899 rea
593 3813 797 3907 'criticam
823 3810 927 3917 euius
939 3830 1332 4007 tantamreverentaam

1203 3951 1242 4044 J>
1257 3951 1329 4008 en·
