2850 4625
368 144 910 285 inlustremur?
963 145 974 173 ²
1091 223 1155 298 937
1281 287 1286 302 ο

108 348 141 411 id
154 344 207 420 eli,
217 345 249 411 ei
273 338 306 429 fi
313 344 361 407 eui
369 344 560 423 multitudiuis
574 340 693 407 liberum
704 359 756 403 oue
767 343 929 423 nuptiarum
941 340 1026 425 eruli
1036 348 1154 425 privile·

106 436 191 517 giam
210 453 226 489 e
246 446 282 493 ee.
321 428 508 508 Quamquam
528 428 559 489 id
581 427 615 486 ad
634 426 746 487 sortem
770 446 886 487 tantuna
907 428 1012 489 referri
1034 428 1153 494 forcalle

110 538 165 599 par
182 516 238 588 eli3
258 534 321 576 uon
345 514 437 573 etiarn
461 514 496 573 ad
515 510 704 573 mensionem.
750 512 882 573 Tenium.
920 512 1062 575 Praeesnt
1081 517 1155 577 emi·

110 618 263 679 neantque
276 599 308 659 in
323 597 408 658 omni
421 595 597 678 magistratu.
615 632 620 647 .
640 594 772 673 Colligas
785 614 824 655 ex
840 578 956 675 Agellii
969 600 1020 659 lib.
1035 600 1071 661 ll.
1090 620 1164 681 cap..

109 688 176 748 XV.
191 684 289 745 verbis
302 701 378 761 quae
392 680 486 761 supra.
527 680 566 741 lit
578 680 614 739 rb
632 679 692 739 boc
705 681 846 759 exemplo
859 676 911 751 esi,
925 684 1005 758 quod
1020 686 1070 761 qui
1085 686 1161 765 plu··

50 815 52 846 p
109 788 159 833 res
173 769 284 829 liberos
296 766 396 835 habet,
413 766 446 826 in
459 764 542 826 curia
563 764 613 824 vel
625 764 758 842 collegio
776 765 889 907 primus
902 763 1082 828 sententiam
1102 788 1154 828 ro·

108 872 215 936 gutum
235 854 268 913 in
285 852 354 911 elbo
369 869 401 912 et
419 846 563 930 processu,
581 849 689 915 ceteris
707 867 883 927 praecitur.
924 848 958 909 L.
975 850 1024 913 Ill.
1047 854 1079 913 C.
1104 854 1153 916 De

49 985 52 1017 ,
106 942 212 999 decus.
250 937 407 1025 Quantum.
443 934 480 995 ln
494 933 657 993 bonoribus
673 934 822 1012 petendis,
836 932 930 1013 gratia
944 932 980 995 fit
994 957 1161 1012 annorum„

49 1071 50 1104 p
108 1023 165 1103 qui
177 1020 289 1083 liberos
301 1019 427 1081 hubent:
449 1014 614 1095 etquidem
627 1037 681 1097 pro
694 1036 821 1077 numero
837 1020 1010 1081 liberorum.
1042 1020 1152 1085 erem-

49 1159 50 1164 ,
105 1106 153 1189 pli
166 1102 268 1175 caussa,
279 1104 412 1179 minores
425 1102 507 1163 XXV
513 1100 596 1163 annis
610 1102 645 1161 ad
655 1102 786 1162 honores
799 1123 863 1163 non
876 1102 1083 1177 admittuntur,
1098 1106 1151 1169 nili

49 1271 50 1276 η
106 1188 260 1253 beneficio
275 1187 378 1269 prolis.
420 1186 485 1263 Qui
497 1206 569 1267 ergo
583 1186 714 1267 quinque
725 1184 835 1247 liabent
847 1206 925 1247 anno
940 1186 1083 1267 vigesimo
1103 1192 1152 1251 nd-

106 1278 291 1345 mittuntur‚
311 1271 363 1351 qui
379 1288 456 1341 tres,
475 1270 768 1350 vigesimoseuundo,
783 1289 815 1333 et
833 1270 872 1331 fic
890 1270 1042 1353 deinceps.
1072 1274 1152 1337 Vide

48 1421 49 1440 l
107 1358 186 1421 1.11.
208 1358 256 1418 De
268 1354 444 1427 minoribus,
458 1374 533 1433 quae
547 1356 582 1415 ad
597 1355 671 1415 hanc
688 1352 867 1417 sententiam
877 1356 971 1414 clare.
1012 1356 1051 1419 Et
1061 1360 1152 1421 Plinii

105 1447 211 1505 locutu
224 1441 334 1504 eodem
348 1438 441 1511 traho,
457 1441 535 1499 libro
551 1438 616 1499 v11.
631 1438 720 1517 Epist
734 1458 851 1518 praeter
865 1458 961 1499 meam
975 1440 1068 1519 snpra,
1079 1445 1153 1505 alio·

102 1546 235 1606 rumque
248 1542 391 1585 mentem.
433 1522 593 1603 Calestrium
604 1522 733 1583 Tironem
739 1520 952 1605 familiariffime
964 1524 1059 1605 diligo.
1064 1528 1155 1609 storo!

48 1672 49 1677 ,
103 1610 258 1697 quaestores
269 1606 398 1691 Coefireis
407 1606 528 1688 suimus.
567 1607 616 1669 lle
631 1628 674 1666 me
693 1609 724 1665 in
749 1606 904 1675 Tribunatu
921 1607 1068 1671 liberorum
1091 1616 1152 1680 inre

98 1691 260 1781 pruecfft,
273 1714 320 1775 ego
332 1696 410 1754 idum
422 1695 452 1751 in
468 1692 607 1751 Praetura
612 1690 680 1771 sum
693 1690 865 1771 conjiciatur,
885 1692 951 1752 cum'
960 1694 1028 1753 mibi
1047 1696 1151 1776 Caesar
1245 1698 1247 1704 '
1333 1705 1337 1719 ¹

102 1774 211 1845 uinum
222 1770 367 1861 remififfer.
407 1775 468 1835 Vbi
481 1776 574 1845 vides,
587 1774 700 1836 dimitti
713 1776 803 1836 etiam
817 1795 908 1837 annos
918 1776 1066 1839 beneficio
1078 1782 1151 1847 Cae-

105 1864 177 1927 saris
193 1864 302 1931 solete,
319 1859 397 1940 quali
411 1860 523 1920 liberos
537 1859 690 1921 haberent.
729 1861 892 1946 Quintium.
923 1861 984 1938 Qui
1002 1865 1099 1942 plures
1112 1867 1150 1926 li·

47 1953 48 1956 ’
103 1950 196 2010 beros
210 1947 309 2013 habet,
322 1947 342 2005 i.
354 1965 382 2005 e.
394 1942 516 2007 inune
531 1961 607 2014 tres,
624 1945 656 2005 in
675 1944 763 2004 ltalia
775 1962 916 2022 quatuor,
938 1948 970 2007 in
988 1950 1151 2025 provinciis

47 2099 48 2102 Ἴ
105 2034 254 2113 quinque,
270 2049 378 2100 ecurt,
393 2031 498 2095 tutela.
512 2028 680 2106 ceterisque
691 2028 865 2089 muneribus
884 2030 1085 2107 personalibus
1097 2034 1152 2095 im·

47 2122 49 2189 ᾗ
105 2118 210 2177 munis
231 2111 273 2175 est
296 2112 373 2174 1.11.
398 2114 447 2174 De
468 2110 706 2173 excusationibus
723 2112 752 2176 ,1.
767 2112 792 2173 l.
816 2114 849 2174 C.
876 2113 941 2188 Qui
967 2132 1049 2176 num.
1073 2118 1151 2179 libe·

46 2211 48 2282 j
108 2221 169 2262 rur.
182 2198 307 2260 Sextum.
346 2198 562 2259 Damnatorum
577 2196 667 2257 liberi
674 2198 774 2275 plures
786 2195 1039 2277 aliemaccipiunt,
1053 2221 1151 2265 econ·

46 2291 47 2300 ³
105 2271 263 2348 stitutione
277 2280 419 2343 Hadriani
435 2284 454 2344 l.
464 2282 531 2344 Vll.
549 2281 598 2342 De
613 2282 701 2344 bonis
713 2281 841 2344 damnat.
883 2282 920 2344 Et
939 2284 974 2344 ab
994 2303 1027 2344 er
1049 2304 1150 2350 mente
1236 2337 1240 2349 .

46 2441 48 2461 s
104 2369 173 2430 Dio
185 2367 314 2447 scripsit,
330 2365 514 2443 hadrianum
525 2366 662 2428 mitiores
681 2386 793 2448 poenas
807 2365 867 2428 reis
885 2365 1024 2448 irrogasse
1038 2371 1150 2434 liberos

105 2453 295 2514 habentibus.
316 2451 397 2531 quod
408 2452 675 2513 Cuiaciusnotavit
688 2451 813 2530 pridem.
857 2451 894 2511 lit
912 2453 1004 2529 plura,
1018 2475 1092 2532 quae
1106 2455 1151 2517 fa-

46 2542 47 2545 ’
106 2539 170 2600 cile
187 2537 314 2617 colliges
329 2555 366 2596 ex
380 2534 417 2595 iis
430 2555 507 2614 quae
519 2536 616 2596 dicam
633 2536 671 2595 de
688 2534 814 2596 mulsiis.
854 2533 896 2594 Ex
917 2535 962 2596 his
981 2557 1081 2598 ortum
1101 2561 1150 2600 ce·
1220 2600 1222 2606 ,

107 2625 192 2684 lebre
209 2621 283 2682 illud
302 2622 350 2685 lue
369 2620 457 2682 erim
471 2617 619 2682 liberorum
644 2619 858 2696 (AuHoriteeem
881 2621 969 2680 trium
992 2623 1151 2697 liber-orum,

104 2706 317 2770 Tertullianus
329 2702 412 2775 dixit,
429 2724 533 2765 contra
546 2703 882 2783 Valentinianoquuod
896 2707 976 2766 orbis
988 2727 1044 2786 pro
1059 2709 1150 2770 bene·

102 2790 177 2856 ficio
196 2791 338 2869 Princeps
357 2789 451 2849 debat.
493 2787 608 2848 Plinius
632 2788 684 2847 lib.
698 2787 736 2848 Il.
752 2787 838 2868 Epill.
877 2789 972 2868 Nuper
990 2790 1027 2850 ab
1047 2795 1152 2872 optimo

102 2877 234 2956 Principe
245 2875 335 2936 trium
347 2871 493 2932 liberorum
511 2875 536 2931 ei
549 2875 594 2932 ius
608 2873 774 2952 impetravi:
791 2873 868 2952 puod
885 2889 1051 2957 quamquam
1069 2892 1151 2954 parce

102 2977 133 3024 ee
147 2980 209 3020 eum
222 2959 323 3018 dileiiu
335 2957 425 3025 daret,
438 2956 508 3016 mibi
519 2972 620 3027 tanuen,
633 2955 903 3037 temperameligerer,
916 2959 1037 3038 indulsit.
1067 2960 1150 3021 Idem
1238 2974 1242 2985 “

103 3045 142 3107 ud
155 3041 319 3104 Traianum
330 3040 384 3104 lib.
393 3042 429 3100 X.
448 3042 619 3122 Exprimere,
632 3042 750 3112 domine,
762 3035 852 3117 orriri
870 3061 924 3100 non
931 3055 967 3121 po
989 3039 1050 3113 iem,
1064 3063 1152 3127 quun·
1239 3071 1242 3078 ·

103 3145 169 3191 tum
179 3125 250 3188 mibi
267 3127 404 3206 gaudium
419 3126 564 3197 attulerit,
584 3126 659 3208 quod
668 3146 712 3184 me
729 3125 844 3206 dignum
860 3122 964 3206 potasti
982 3129 1042 3189 iure
1061 3132 1150 3192 trium

103 3211 265 3276 liberorum.
304 3209 461 3278 Martialis,

227 3309 302 3372 onr
312 3317 375 3371 euru
388 3307 441 3370 ribi
447 3303 631 3388 fieformofir,
639 3307 761 3387 pudica,
773 3307 875 3385 puePo,

273 3394 340 3480 Qu
352 3392 547 3455 cibioretorum
563 3392 627 3452 iura
640 3389 748 3450 Fabulle
760 3392 867 3450 trium?

229 3479 316 3566 Qod
324 3480 396 3559 peris
409 3497 429 3537 e
442 3473 528 3556 nostro
533 3473 651 3556 supplex
663 3475 825 3556 dominoque
837 3475 947 3556 deoque,

271 3560 424 3624 Her-dabir
435 3559 492 3642 ipse
504 3557 559 3622 eibi
566 3580 578 3626 ‚·
596 3557 628 3642 ſs
636 3561 862 3640 pertemptet.
1045 3557 1048 3567 '

105 3667 192 3732 idem
209 3667 247 3730 de
258 3669 306 3730 se:

272 3769 404 3832 Praemia
415 3767 528 3829 laudato
542 3763 646 3830 tribuit
656 3763 727 3825 nribi
741 3761 843 3845 Caesar
854 3777 977 3848 uterque,
1066 3809 1069 3816 .

228 3941 240 3962 x
270 3857 464 3938 Natorumque
475 3853 551 3915 dedit
566 3853 630 3913 iure
639 3853 760 3931 poteriis
774 3853 870 3914 trium.

583 3957 671 4022 Nnn
692 3973 710 4042 5
1037 3905 1151 4042 ⁴Origo
1179 4051 1185 4062 .
