2850 4625
341 253 863 333 auuaurvurrnxv.
945 329 947 336 ,
1005 208 1148 343 -m',
1205 197 1252 284 ‘³'

105 393 273 467 clauditur
287 394 459 464 eubiculo:
512 393 616 464 raesto
636 393 682 463 esl
697 397 860 465 medicus:
893 394 1162 472 abscindunnv.
1241 457 1243 462 ,
1296 415 1300 420 '

104 509 162 557 tur
180 507 298 554 venae:
322 486 436 642 viqenr
454 417 561 553 adlruc
576 485 693 554 balneo
702 483 857 554 infertur:
882 487 984 555 calida
1002 511 1083 580 aqua
1100 491 1157 547 ⁸¹⁹·

105 573 279 644 mersatur:
317 574 401 641 nula
416 575 504 642 edita
523 598 630 653 voce,
653 597 724 665 qua
749 573 849 643 semet
870 574 1085 648 miseraretur.
1095 554 1163 671 ⁸,ss

105 663 310 734 circumdari
326 663 456 732 interim
475 661 632 744 custodia,
659 664 718 754 qui
738 662 827 731 smol
845 665 1085 748 discubuerant,

107 778 183 834 nec,
208 749 264 820 nisi
279 772 441 842 proveeta
455 773 568 832 nocte,
590 749 728 820 5omissi
745 751 825 832 sunt,
848 752 1086 846 postquampa·
1167 791 1173 800 .

109 865 229 912 vorem
246 863 375 921 eorum,
397 831 463 909 ⁶ex
483 839 591 910 mensa
614 843 752 910 exitium
766 843 1028 934 opperiendum,
1053 861 1088 914 et

111 931 312 1022 imaginatus,
335 953 368 999 et
384 932 523 1000 irridens
539 933 650 1010 Nero,
665 929 748 1023 satis
756 927 903 1026 stipplicr'i
917 932 1008 1092 luipo,
1032 936 1087 1014 ait',

105 1038 168 1118 pro
189 1021 283 1114 epulis
306 1015 527 1111 confideribus.
594 1021 679 1088 Exin
710 1031 717 1061 ¹
740 1023 790 1090 M.
815 1023 941 1090 Annaei
991 1023 1087 1108 urani
1103 1041 1148 1108 70

96 1109 245 1178 'eaedem
264 1109 415 1200 imperat.
461 1113 501 1189 le,
514 1108 703 1201 profluente
718 1107 885 1201 sanguine,
915 1111 972 1179 ubi
988 1110 1088 1202 frige-

109 1198 202 1268 scere
215 1199 320 1288 pedes
335 1193 525 1290 manusque,
548 1219 582 1268 et
596 1197 763 1292 paullatim
776 1200 815 1266 ab
826 1201 980 1270 extremis
989 1204 1089 1270 cede·

107 1311 149 1359 re
164 1285 324 1378 spiritum,
344 1284 478 1356 fervido
494 1288 602 1356 adhuc
616 1306 650 1356 et
664 1307 824 1380 compote
838 1289 955 1356 mentis
969 1311 1087 1380 pecto·

108 1401 167 1459 re,
186 1375 356 1467 intelligit3
398 1378 589 1446 recordatus
611 1400 742 1446 carmen
765 1399 781 1444 a
805 1375 837 1445 se
859 1377 1087 1483 compostum,

107 1487 184 1559 quo
200 1466 403 1534 vulneratum
418 1465 571 1547 militem,
593 1489 655 1558 per
669 1467 831 1536 eiusmodi
845 1485 960 1536 mortis
975 1469 1088 1559 imagi·

108 1579 188 1628 nem
204 1553 318 1622 obiisse
337 1555 524 1637 tradiderat,
546 1554 560 1582 ²
573 1555 681 1624 versus
696 1553 783 1646 ipsos
798 1555 919 1626 retulit.
940 1577 1044 1648 eaque
1052 1544 1091 1625 il·

108 1646 135 1716 li
153 1642 302 1737 suprema
318 1667 388 1712 vox
409 1642 483 1715 fuit.
528 1646 669 1714 Senecio
685 1643 840 1737 posthac,
870 1665 904 1714 et
918 1647 1089 1750 Quinctia·

109 1757 186 1815 nus,
211 1753 245 1802 et
258 1735 433 1815 Scevinus,
455 1758 522 1802 non
542 1757 585 1802 ex
598 1735 713 1827 priore
729 1735 817 1802 v'itne
831 1733 984 1817 mollitia,
1007 1741 1089 1805 molt

108 1823 232 1915 reliqui
246 1821 494 1892 coniuraiorum
534 1825 650 1909 eriere,
663 1823 754 1891 nullo
770 1820 859 1892 sacto
877 1825 1090 1894 dictoverne·
1316 1893 1319 1900 ,

108 1912 287 1984 morando.
331 1913 397 1980 Sed
411 1846 572 2016 compleri
587 1912 718 1983 interim
733 1915 810 1980 urbs
825 1911 1010 1995 funeribus,
1030 1916 1092 1984 Ca·
1107 1940 1148 2006 ’μ
1199 1987 1202 1992 ,
1243 1975 1245 1983 ,

109 2002 269 2096 pitolium
280 2001 438 2069 victimis:
463 2003 541 2070 alius
550 1999 639 2083 filio,
662 2001 761 2069 fratre
776 1999 865 2081 alius,
888 2005 1096 2096 autpropin-·

109 2113 197 2184 quo,
219 2110 275 2158 aut
288 2091 394 2158 amico
408 2090 600 2170 interfectis,
625 2114 722 2182 agere
739 2111 846 2180 grates
859 2091 949 2171 deis,
972 2113 1092 2163 ornare

110 2182 208 2249 lauru
224 2180 371 2260 domum,
395 2175 402 2204 ¹
420 2183 525 2272 genua
540 2178 636 2272 ipsius
652 2181 808 2262 advolvi,
839 2200 873 2248 et
888 2180 1037 2249 dextram
1052 2205 1091 2252 o-

112 2267 210 2341 sculis
226 2266 370 2361 fatigare.
413 2275 527 2363 Atque
542 2270 597 2339 ille
599 2269 766 2430 hgqudiutn
778 2271 814 2341 id
827 2269 975 2354 credens,
985 2273 1092 2343 Anto-

550 2364 586 2431 H
678 2385 694 2443 5
1045 2363 1092 2431 nii

151 2538 266 2607 50ne'sp'
277 2536 361 2604 sune]
384 2541 421 2593 Sic
438 2544 503 2593 MSS.
521 2542 587 2592 flor.
618 2538 696 2591 stituit
724 2542 859 2591 Rhenanus.
906 2540 971 2591 libri
1003 2558 1089 2593 ornnes

112 2610 201 2663 Goels.
221 2613 262 2659 ed.
285 2610 380 2661 hierol.
402 2614 470 2677 quod
497 2610 587 2674 recepi,
619 2608 728 2673 corrupti
742 2610 765 2659 iu
781 2610 829 2657 hoe
842 2607 947 2659 nomine.
999 2670 1001 2673 Ι
1105 2630 1109 2637 ·

99 2676 158 2737 etsi
174 2679 274 2730 alterum
299 2676 374 2739 emiffi,
393 2680 468 2742 quod,
480 2678 588 2742 reliquae
653 2675 769 2739 aVerfhs
803 2675 862 2739 ipsis
891 2676 997 2739 tereste]
1029 2678 1092 2729 Sunt

112 2747 172 2796 edd.
186 2744 283 2807 habent,
298 2745 372 2796 etiam
390 2746 480 2795 bonurn
494 2744 589 2793 sensum
620 2741 683 2792 baud
696 2745 770 2792 dubie
783 2740 819 2793 isli
835 2746 974 2803 simod)

112 2814 199 2865 habet.
238 2814 284 2863 Sed
303 2810 375 2874 oiniffi
399 2813 500 2867 melius.
531 2812 589 2877 quie
654 2810 775 2860 Scinditur
794 2810 901 2872 evulsus,
918 2808 1026 2873 eecficrt
1039 2812 1092 2861 vu!-

113 2878 222 2939 maxime
234 2880 273 2930 hie
286 2880 411 2945 respicitur
423 2879 588 2944 ad'diseessurp
718 2895 771 2927 nere
779 2878 876 2942 singnis
999 2878 1007 2887 '

113 2948 249 3000 custodiae.
283 2947 367 2998 Omiffi
383 2946 436 2997 sunt
447 2962 505 3008 ergo
520 2962 588 2995 acu·
654 2944 753 2995 Emicuit
765 2946 856 3003 lenuis,
873 2948 949 3010 ruptis
969 2946 1034 2995 cadit
1052 2962 1094 2997 rtr-

112 3016 232 3071 stodibue.
265 3014 375 3063 Verbum
387 3016 494 3063 omittere
507 3028 532 3064 et
545 3029 589 3061 no·
724 3016 789 3074 dique
804 3014 875 3062 uenis.

113 3084 166 3134 uro
186 3096 212 3131 et
229 3081 282 3132 eliis
302 3079 392 3132 dieitur
412 3084 442 3130 de
463 3082 506 3138 iis,
524 3094 589 3147 quae
656 3078 820 3145 Discurfirsqut
845 3078 1051 3145 animae-diverfh
1069 3080 1094 3131 ie

113 3166 167 3202 non
200 3147 354 3199 custodimur.
390 3165 420 3199 ut
449 3150 590 3203 munimenta
725 3150 931 3198 membraneum:

113 3220 228 3272 mitten
241 3216 283 3273 lv,
297 3233 326 3277 5¹·
375 3218 379 3225 '
656 3216 802 3281 Interceptus
821 3219 894 3279 aquis,

149 3280 589 3347 dfflmmfirxitimepperitntium
624 3279 721 3348 lipsius.

113 3354 178 3407 Non
195 3349 357 3400 tuoinvinui
375 3348 464 3399 servare
484 3364 513 3399 ex
529 3366 592 3399 mee·
660 3352 765 3403 rGerma
782 3346 874 3415 ipſsa]
897 3350 913 3400 i.
936 3364 959 3401 e.
971 3348 1095 3401 Neronier

108 3420 161 3487 fir,
178 3418 247 3482 quod
259 3432 273 3464 e
285 3417 420 3466 coniectura
436 3418 518 3467 franc.
538 3420 592 3469 Me·
624 3420 694 3484 quod
705 3435 754 3469 non
766 3419 889 3475 noraffem,
906 3414 948 3467 nist
966 3418 1094 3468 Pithenam

115 3486 181 3540 dicis
210 3484 301 3547 recepit
329 3484 436 3533 freinrh.
485 3484 592 3535 firmant
624 3488 652 3535 ad
666 3483 737 3535 Deos
755 3486 855 3536 remlrlle
872 3484 986 3534 viderem.
1020 3484 1094 3536 Etesl
1181 3518 1193 3537 .

115 3556 189 3608 MSS.
201 3550 264 3601 Flor.
280 3551 364 3604 Guelf.
376 3552 435 3600 edd.
447 3568 500 3603 ente
512 3554 591 3601 Rhen.
625 3551 763 3617 exquisitior
776 3554 837 3603 ratio
856 3552 927 3601 huius
943 3552 1095 3615 pronominis

117 3635 218 3675 omnes,
230 3618 274 3683 qui
290 3618 409 3669 habentes
420 3617 515 3680 mensae.
528 3618 592 3667 Rhe·
624 3637 669 3687 pro
691 3620 792 3669 nornine
809 3618 956 3683 usurpandi,
986 3634 1039 3667 eum
1064 3634 1094 3671 ex
1136 3653 1142 3668 .

116 3702 198 3743 nanus
216 3685 293 3736 edidit
315 3702 371 3734 tum
389 3684 454 3751 seqq.
467 3686 593 3743 imminens,
625 3686 777 3752 oppositione
797 3687 912 3749 intelligi,
931 3688 959 3735 ad
978 3688 1044 3751 quod
1058 3702 1095 3737 re·

117 3752 191 3822 quod
213 3752 268 3805 saue
287 3753 326 3801 hie
343 3750 426 3814 friget:
451 3753 594 3801 nonirnmi-
625 3754 717 3805 seratur
724 3788 734 3813 ,
752 3754 837 3819 potesl.
856 3768 1009 3819 opponuntur
1022 3756 1056 3803 dii
1070 3770 1096 3811 et

118 3823 194 3875 nebat
213 3820 329 3879 exitium,
352 3819 392 3870 sed
410 3820 593 3885 opperiebantur
624 3820 679 3885 ipse.
718 3823 756 3871 Sic
776 3820 843 3885 seepe
863 3820 960 3871 Graeci.
1003 3826 1095 3875 ductor

118 3894 191 3941 reiut
205 3888 342 3936 imminere.
624 3890 762 3943 Homerus.
779 3888 844 3940 iliad.
859 3906 883 3935 a.
903 3886 956 3937 init.
968 3892 1046 3951 ψυχᾶς
1060 3914 1095 3934 -.
1110 3890 1115 3895 “

156 3954 221 4009 tM.
232 3956 351 4017 Annaei]
374 3954 414 4006 ste
432 3954 535 4004 seliciret
554 3968 592 4005 te·
624 3960 704 4014 dele,
720 3954 780 4020 ipset
793 3957 809 4006 i.
824 3972 847 4006 e.
860 3970 970 4023 torpora-

996 4023 1099 4080 riuu-
