2850 4625
551 228 558 235 ’
648 196 1059 350 PRAEFATlo

306 382 315 417 'V
329 422 380 525 pli
397 398 560 530 Lipsiani,
587 433 686 510 velut
702 412 955 536 Antvertiienst
977 439 1006 517 a.
1024 438 1120 530 1648.
1147 456 1231 510 eum
1258 410 1355 517 Codi

329 540 411 613 cem
426 558 488 616 aut
503 542 640 621 nullum
656 544 738 641 elle,
764 570 825 624 aut
839 546 969 626 nullius
985 548 1092 653 pretii
1108 545 1250 623 iudicat.

410 713 580 791 Videram
596 714 701 791 etiam
718 716 761 791 ab
777 718 802 795 l.
817 714 995 816 Scheglio
1022 714 1066 793 ad
1091 714 1218 797 Vellei.
1238 741 1272 820 p.
1288 741 1356 817 504

81 776 83 823 ⁵
210 923 215 931 ,
319 806 385 902 ed.
400 827 521 903 Burin.
550 826 679 903 laudati
703 820 863 909 Codicem
887 820 1183 937 Halipolensem.
1247 832 1356 926 ΜΨ

327 934 442 1039 sctipfi
459 938 503 1013 ad
521 934 673 1037 aliquem
693 941 809 1015 vitum
826 938 975 1016 doctum
992 939 1187 1039 ineaurbe,
1210 960 1356 1037 quocun

230 1125 232 1135 ,
326 1047 459 1149 aliquid
475 1048 626 1127 notitiae
645 1051 733 1129 mihi
749 1050 836 1126 olim
858 1049 918 1127 hic
934 1050 1024 1142 fuit,
1059 1074 1218 1151 eumque
1235 1052 1356 1151 rogavi

324 1180 368 1237 ut
390 1158 478 1259 quid
501 1158 652 1263 Codicis
676 1162 782 1239 istius.
798 1160 914 1252 ellet„
930 1160 1183 1266 perscriberet,
1225 1160 1356 1260 eiusqut

224 1286 226 1291 “
324 1271 413 1348 mihi
429 1272 533 1371 copia
551 1296 592 1349 ut
608 1272 732 1376 fieret,
760 1273 962 1377 perliceret.
1014 1272 1083 1350 Sed
1099 1274 1189 1349 nihil
1214 1272 1356 1377 responl

191 1389 195 1397 '
323 1382 408 1478 nli.
461 1386 565 1486 Fama
579 1386 691 1462 'etiam
708 1385 893 1487 quondam
911 1382 982 1461 fuit
993 1384 1042 1481 de
1053 1385 1196 1464 Codice
1217 1384 1356 1491 autiqut

322 1492 456 1585 Taciti,
483 1496 544 1596 qui
561 1496 779 1599 Bambergae
796 1496 1002 1576 servareuu.
1057 1494 1127 1573 Sed
1144 1499 1264 1573 Fauno.
1281 1500 1355 1573 Mo¹

323 1604 418 1700 dius,
435 1604 585 1707 aLipsto
604 1609 650 1685 de
660 1632 706 1685 eo
716 1606 912 1699 consultus,
937 1606 1112 1709 rescripsit
1138 1610 1214 1714 (T.
1233 1630 1256 1683 a.
1272 1609 1356 1687 Col·

322 1716 405 1797 lect.
423 1742 481 1819 ep.
498 1720 619 1795 Burm.
637 1746 673 1823 p.
692 1724 782 1822 107.)
811 1719 929 1797 falsam
944 1719 1183 1797 illam‘famam
1201 1719 1281 1809 elle,
1295 1744 1356 1796 uo<

213 1827 223 1920 ’,
321 1828 515 1929 quicquam
535 1830 584 1908 ibi
600 1833 759 1934 reperiri,
795 1832 858 1909 nili
877 1855 1006 1939 paucas
1022 1831 1180 1908 olibello
1191 1834 1239 1907 de
1256 1832 1351 1907 mori

322 1940 391 2131 lsius
420 1942 690 2022 Germanorum
719 1944 894 2048 plagulas,
946 1941 1072 2047 easque
1095 1942 1233 2021 recenti
1258 1970 1356 2021 mant

243 2072 245 2083 “
337 2076 477 2155 criptas.
543 2125 551 2131 .

204 2296 211 2313 ,
408 2212 522 2293 Multi
534 2212 786 2318 praeterea-alii
806 2211 970 2291 Codices
987 2211 1106 2291 adhuc
1122 2214 1236 2291 latent
1251 2213 1289 2289 in
1306 2213 1356 2300 Bi

319 2325 527 2417 bliothecis,
552 2325 721 2403 nondum
738 2324 919 2426 e'xcerpti:
954 2325 1135 2426 equibus,
1161 2349 1242 2403 non
1260 2323 1355 2404 dubi

319 2435 1355 2540 Qmmmwfflmb

318 2550 459 2628 MSStis
485 2549 727 2628 bibliothecae
751 2549 939 2628 Mediceae
967 2567 1041 2626 tres
1072 2550 1354 2626 membranaceo:

319 2660 596 2738 commemorari
616 2661 739 2764 video,
765 2661 809 2737 ab
818 2658 1019 2761 antiquiori
1033 2659 1113 2759 illo,
1140 2684 1251 2760 quem
1267 2659 1354 2737 Lan·

318 2771 552 2875 gobardicum
569 2796 723 2875 vocant,
771 2769 945 2862 diversos,
972 2771 1012 2850 iu
1032 2771 1160 2873 pluteo
1176 2774 1243 2864 63.
1255 2794 1353 2872 aput

252 2903 256 2908 ·
284 2927 291 2963 ,ι
318 2885 475 2960 eundem
491 2881 875 2985 Montefalconium-p.
889 2907 1000 2983 374³
1023 2882 1153 2983 quibus
1171 2906 1265 2986 puto
1286 2905 1353 2956 not

316 2993 474 3073 diversos
491 2993 581 3088 effe,
593 2983 688 3096 quos
706 2995 863 3072 Pichena
875 2993 1063 3093 aliquoties
1076 2993 1196 3072 laudat
1209 2993 1251 3072 in
1266 2991 1351 3069 noti

316 3107 360 3184 ad
378 3106 561 3184 Tacitum.
613 3106 748 3210 Repeti
763 3107 871 3184 etiam
888 3130 905 3180 a
923 3107 964 3182 P.
981 3105 1150 3182 Victorio
1169 3105 1352 3205 autiquutl

316 3218 496 3296 Codicem
516 3218 639 3296 Taciti
653 3221 839 3294 Venetam
853 3216 1097 3293 Bibliothecae
1107 3218 1140 3293 S.
1156 3219 1269 3296 Marci
1291 3216 1351 3307 ltu,

315 3327 403 3429 dati,
413 3331 455 3407 ad
475 3331 558 3408 Cic.
572 3351 630 3432 ep.
647 3330 690 3418 ll,
705 3355 748 3406 12.
784 3350 895 3430 quem
916 3322 1037 3403 tainen
1057 3325 1180 3405 frustm
1203 3330 1242 3403 in
1259 3318 1350 3405 Catd

313 3437 402 3542 logo
418 3441 521 3518 MSS.
540 3441 616 3516 eius
631 3439 888 3528 Bibliothecae,
903 3438 947 3514 ab
962 3437 1013 3515 lll.
1030 3431 1350 3539 Tlienpotoeditq

313 3551 480 3652 quaesivi.
542 3555 641 3630 Nam
665 3551 819 3643 Codex,
854 3549 918 3650 qui
939 3573 975 3625 n.
998 3550 1277 3627 CCCLXXXl.
1303 3556 1349 3626 εκ

313 3664 469 3756 hibetur,
496 3660 640 3766 fuitque
659 3661 881 3751 Beffationis,
911 3661 1214 3760 a.1453.de1num
1236 3662 1349 3753 Bono

314 3775 393 3852 niae
411 3763 563 3876 scriptus
577 3777 647 3866 est,
672 3799 743 3851 nec
762 3772 930 3852 Victorio
943 3774 1108 3869 antiquus
1129 3771 1251 3848 dictus
1278 3756 1349 3847 full

197 3954 201 3967 .
312 3885 376 3968 set.
432 3890 531 3968 luter
549 3884 709 3966 Codices
726 3906 838 3989 porro
857 3880 1150 4002 Oqtobonianos,
1176 3879 1348 3982 ‘Neapoli

372 4051 375 4060 .
495 4047 501 4068 ,
905 4007 909 4016 ’
1254 4011 1347 4069 tanc
