2850 4625
332 206 399 358 94¹
548 261 585 333 c.
610 259 871 334 conuiuii
900 261 1101 336 raeiri
1144 259 1148 275 ·

253 411 364 494 ,utin
379 405 480 501 partis
496 409 733 496 Inguiomerus,
753 391 1055 497 Arminii'pitnios,
1079 405 1090 434 ¹
1103 401 1209 479 veteri
1224 397 1315 500 apud

253 515 312 574 7⁶8.
329 503 496 587 Romanqs
513 498 718 566 auctoritate.
770 497 862 565 unde
876 498 981 564 maior
995 495 1122 566 Caesari
1136 517 1262 571 metus„
1278 515 1314 564 et

253 581 283 630 Λ·
293 570 374 655 c'ne
391 584 512 655 bellum
526 585 613 654 mole
626 609 689 654 una
705 587 889 677 ingrueret,
919 587 1109 667 Caecinam,
1139 608 1215 654 cum
1232 607 1315 677 qua-

270 655 306 708 15·
332 677 480 766 draginta
495 673 688 744 cohortibus
704 677 877 756 Romanis,
900 675 1109 759 distrahendo
1125 673 1229 754 hosti,
1276 697 1314 743 er

332 767 523 843 Bmcteros‚
546 765 587 832 ad
604 757 728 832 flumen
740 761 893 832 Amisiam
906 766 1017 834 mittit.
1061 763 1075 790 ²
1091 766 1237 869 equitem
1249 698 1314 832 ie·

330 852 397 937 do,
418 850 624 946 praefectus,
646 849 765 920 finibus
781 852 954 922 Frisiorum
970 854 1072 923 ducit.
1117 853 1187 945 ipse
1203 854 1315 944 impo-

331 942 401 1013 sitas
418 942 563 1010 navibus
579 961 722 1033 quatuor
738 934 768 1008 lb
792 943 883 1011 iones
897 965 960 1034 per
976 944 1067 1012 lacus
1076 943 1188 1032 uexit:
1208 938 1316 1010 sunuli

331 1050 398 1126 que
412 1031 532 1123 pedes,
563 1052 681 1122 eques,
710 1031 741 1098 cl
783 1054 828 1112 is,
858 1029 947 1124 apud
966 1033 1172 1124 praedictum
1187 1051 1314 1100 aomem

332 1143 532 1191 convenere.
586 1120 728 1200 Chauci,
759 1143 834 1190 cum
854 1121 973 1190 auxilia
995 1121 1250 1213 pollicerentur,
1277 1122 1313 1189 in

332 1209 562 1280 commilitium
578 1207 690 1278 adsciti
704 1207 786 1278 sunt.
832 1213 1006 1297 Bructeros
1021 1207 1074 1278 sua
1088 1211 1232 1289 urentis,
1253 1231 1313 1278 ex·

332 1299 445 1394 pedita
459 1322 535 1366 cum
546 1319 643 1366 manu
661 1301 699 1366 L.
715 1299 906 1378 Stertinius,
929 1297 1019 1368 missu
1036 1299 1242 1379 Germanici,
1260 1295 1314 1366 su-

333 1391 402 1459 dit:
424 1388 576 1480 interque
591 1387 725 1456 caedem
740 1408 775 1456 et
787 1389 944 1481 praedam
967 1389 1118 1480 repperit
1131 1390 1315 1456 undevice-

334 1473 430 1548 simae
445 1475 581 1568 legionis
596 1474 753 1568 aquilam,
776 1498 852 1546 cum
866 1481 958 1545 Varo
973 1476 1120 1546 amissam.
1165 1477 1316 1547 Ductum

334 1569 413 1641 inile
433 1587 548 1657 agmen
570 1567 612 1634 ad
630 1564 764 1635 ultimos
794 1571 1045 1648 Bructerorum:
1088 1587 1316 1660 quantumque

335 1652 488 1728 Amisiam
511 1673 545 1724 et
567 1655 730 1748 Luppiam
755 1679 862 1723 amnes
883 1657 987 1738 inter,
1014 1649 1188 1724 vastatum:
1224 1655 1315 1727 haud

360 1743 455 1814 rocul
484 1739 494 1779 ³
508 1743 785 1834 Teutoburgiensi
799 1743 897 1824 saltu,
925 1745 958 1812 iii
975 1766 1043 1836 quo
1059 1744 1216 1838 reliquiae
1232 1745 1315 1814 Vari

275 1851 311 1919 σι
333 1770 569 1937 iirgionumque
586 1830 762 1924 insepultae
786 1833 802 1870 ⁴
819 1829 1021 1904 dicebantur.
1067 1831 1171 1923 Igitur
1187 1826 1314 1922 cupido

334 1922 503 1995 Caesarem
518 1923 661 2001 mvndit,
684 1920 834 1991 solvendi
857 1921 1004 2017 suprema
1022 1924 1196 2005 militibus,
1218 1923 1313 1990 duci·

297 2001 301 2023 ¹
335 2038 419 2105 que;
454 2019 610 2103 permoto
632 2012 673 2080 ad
692 2008 930 2080 miserationem
952 2010 1061 2092 omni,
1108 2013 1165 2104 qui
1185 2011 1314 2094 aderat,
1415 2063 1417 2086 .

334 2098 503 2178 exercitu,
529 2101 710 2200 obpropin
737 2123 814 2180 uos,
840 2103 983 2181 amicos,
1007 2101 1082 2170 deni
1107 2102 1207 2170 ueob
1223 2099 1314 2169 casus
1415 2099 1417 2122 ⁵

334 2191 519 2270 bellorum,
543 2209 576 2257 et
589 2199 711 2259 lortem
755 2192 911 2260 ominum.
971 2193 1106 2261 Praemil
1120 2213 1142 2259 o
1155 2190 1316 2271 Grecina,

333 2301 372 2351 ut
385 2279 515 2350 occulta
531 2278 667 2348 saltuum
683 2278 896 2360 scrutaretur,
917 2279 1102 2374 pontesque
1126 2299 1160 2350 et
1180 2297 1315 2373 aggeres
1416 2272 1417 2289 ¹

333 2366 474 2441 humido
497 2366 671 2462 paludum,
694 2386 728 2438 et
750 2358 915 2439 fallacibus
937 2372 1077 2463 campis,
1106 2364 1315 2463 imponeret,

334 2454 493 2530 incedunt
508 2456 649 2527 moestos
665 2459 776 2537 locos,
798 2457 935 2553 visuque
950 2480 989 2529 ac
1004 2454 1161 2528 memoria
1177 2466 1186 2496 ¹
1201 2458 1315 2529 ‹lesor-
1414 2507 1415 2530 i

333 2560 419 2620 mes.¹
481 2550 587 2619 Prima
609 2550 690 2617 Vari
714 2546 1078 2631 saturninianorum,
1109 2568 1143 2618 et
1164 2547 1316 2618 dimensis
1414 2577 1415 2594 i

1221 2640 1317 2733 Prin*

372 2810 396 2854 i·
409 2796 484 2853 verm
500 2796 615 2865 obiitin.
636 2799 810 2865 usiadem.)
838 2797 919 2869 soliti
934 2805 963 2854 id
988 2794 1117 2867 bplduluiil
1145 2798 1270 2863 Roriam.
1292 2807 1319 2855 in

336 2880 396 2926 bun,
416 2873 482 2933 quod
496 2870 585 2920 amicus
598 2873 669 2925 Rulli.
683 2873 757 2928 eset,
771 2873 811 2922 sed
844 2871 994 2935 Wellplialia.
1017 2873 1089 2920 inni.
1122 2887 1146 2919 vi
1159 2876 1320 2924 Montium

337 2936 404 3002 quod
419 2938 456 2985 vlr
471 2930 542 2987 sortis
555 2954 580 2987 et
602 2940 721 3002 prudent,
740 2939 811 2988 cuiun
844 2939 944 2989 Paderb.
960 2954 984 3003 p.
996 2942 1036 3000 56.

336 3005 577 3067 mignaapuauoni.
590 2996 689 3068 opinio,
705 3022 810 3056 utrctte
877 3002 1079 3069 eniminum]
1097 2997 1223 3057 litiniaci
1253 3005 1318 3067 ailr-

337 3066 514 3121 Freinsbemlut
531 3070 646 3135 erpiicaia
672 3074 713 3137 qui
736 3074 811 3123 etlam
844 3074 938 3123 luter.
969 3074 1064 3123 Etenim
1071 3096 1080 3129 i
1103 3064 1197 3141 inquit,
1214 3087 1266 3125 noti
1279 3077 1320 3125 dis

336 3138 517 3190 laudationum
536 3152 625 3191 norum
653 3154 666 3190 e
687 3139 810 3191 Ciceronis
843 3142 959 3189 rebantur
976 3144 1062 3194 modo,
1090 3140 1130 3191 sed
1150 3158 1216 3191 eram
1223 3173 1232 3199 ‚
1254 3158 1285 3191 ut
1304 3158 1322 3193 e

337 3204 475 3263 Maniliana,
488 3207 519 3255 de·
531 3208 639 3271 Pompeii
651 3212 714 3271 apud
731 3209 810 3258 hostes
844 3208 1001 3272 sequentibus
1021 3220 1096 3271 pater.
1149 3212 1194 3264 sed
1211 3212 1322 3261 Rotnani

337 3274 486 3323 auctoritaie.
843 3288 924 3326 tamen
936 3286 1051 3324 tuntumc
1064 3278 1126 3325 sarna
1139 3286 1190 3326 reni
1205 3274 1321 3332 sciebant.

370 3340 508 3403 nEquiirin
524 3339 609 3400 Periit]
646 3342 727 3406 oredo
740 3342 810 3394 Albi·
844 3345 930 3406 ltiique
944 3342 1170 3404 vulgatumverum
1186 3356 1261 3410 puto·

337 3424 445 3458 movinus
459 3411 522 3459 Pedo
530 3440 539 3467 ,
562 3409 634 3458 euius
648 3408 810 3473 fragmentum
1411 3441 1412 3448 κ

338 3476 410 3525 ullae
425 3477 618 3539 denivigationc
632 3478 731 3527 &canii
772 3479 809 3528 Est
879 3473 1057 3539 ibrsiirmnl
1081 3472 1107 3527 ln
1124 3475 1188 3538 Cori.
1206 3478 1321 3530 nometi

339 3554 419 3591 temen
434 3545 755 3609 atiliusl’cduPompeius
774 3546 810 3594 vir
841 3543 992 3608 &formidare
1017 3546 1082 3593 :inde
1103 3542 1213 3595 Heinsius
1234 3548 1318 3596 etlet.

338 3608 446 3667 illullris,
466 3620 539 3675 quen'i
556 3612 664 3661 nominat
678 3616 765 3661 Seneca
784 3614 808 3661 in
842 3613 1317 3676 Gionov.scribendiimpiitaittdefam‘.

339 3675 406 3727 Ludo
425 3679 546 3727 dcmotte
559 3680 663 3729 Claudiii
681 3676 779 3741 Lipfiiri.
802 3705 805 3709 ·
843 3680 868 3728 ld
899 3678 979 3729 Taciti
1003 3680 1172 3729 toni'iaonini
1199 3680 1321 3731 muenia

372 3736 580 3807 Jiiuiiinrgrmfi
595 3744 686 3807 lolem]
709 3748 808 3797 Nomen
842 3746 1043 3795 constructionem
1057 3747 1165 3796 variandi
1177 3751 1324 3797 trideron-

338 3809 472 3859 etiamnum
485 3810 809 3877 rerinetinclymsliumina
842 3813 989 3862 staturarum.
1044 3817 1092 3864 Sed
1113 3815 1180 3877 quod
1202 3813 1323 3867 Heinsius

337 3878 404 3927 ebrie
417 3880 496 3934 lulius,
513 3882 641 3943 Trutebtrg,
654 3882 809 3945 etvicroriae
841 3882 907 3929 addit
920 3880 1028 3944 insupett
1052 3884 1122 3931 sideni
1141 3882 1323 3944 primocassn.

337 3946 478 4008 eonomine
492 3946 709 4013 insignissimpui,
729 3950 809 3999 Win-
842 3962 894 3997 nori
905 3948 997 4013 placen
1236 4014 1263 4065 T

1200 4023 1214 4064 t
1257 4016 1327 4066 itam
