2850 4625
259 310 268 319 .
383 248 894 325 Annnmvnmaxn.
1054 280 1108 345 54,

161 390 219 497 c.
264 374 705 501 coRNssstu
748 366 1079 505 ‘roem

198 594 510 742 *excisso
540 548 684 727 olm
719 640 1024 729 AvasT1
1064 626 1075 741 '.

128 708 1209 954 Anuutlvm'

205 1026 435 1134 maen
469 1026 1063 1173 ovooecmvi
1183 1189 1187 1197 .
1282 1090 1287 1113 ,

409 1300 671 1390 Beneventum
691 1300 817 1369 Litus.

127 1460 266 1521 Claudius
277 1458 313 1521 de
326 1463 508 1521 matrimonio
520 1458 682 1521 deliberat:
706 1476 738 1521 et
751 1453 917 1543 Agrippina
935 1456 1003 1519 aliis
1020 1470 1106 1537 prce·
1200 1452 1206 1459 ’

159 1542 278 1624 finus,
297 1546 462 1620 (ierneanici
468 1544 586 1624 fratris
598 1546 743 1626 ciessfilia.
782 1546 842 1609 Eae
855 1548 975 1624 nuptiae
989 1542 1106 1604 decreto

48 1663 54 1677 ι
165 1630 292 1689 Senatus
297 1625 497 1711 firinatae,‘et
511 1629 657 1708 legitimae
670 1627 796 1689 habitae.
850 1630 884 1689 L.
898 1629 1015 1688 Silanus
1028 1648 1105 1687 ruor-

163 1729 225 1773 tem
232 1710 291 1791 fibi
304 1712 461 1793 conflastis,
482 1714 598 1773 Claudii
607 1732 705 1791 gener.
731 1716 866 1771 Annaeus
881 1712 985 1773 Seneca
1001 1712 1036 1771 ab
1052 1730 1104 1769 en·
1141 1780 1148 1795 ·

155 1794 224 1877 filio
240 1796 331 1857 redit.
374 1800 502 1859 Octavia
514 1797 630 1857 Claudii
633 1796 702 1877 filio
717 1798 827 1856 Neroni
841 1792 986 1875 despoastt.
1029 1794 1105 1853 Par·

165 1880 212 1940 tbi
222 1900 321 1959 regem
333 1880 423 1941 Roma
429 1895 537 1961 petunt
550 1878 752 1941 Meberelateru
762 1903 774 1935 :
793 1882 843 1959 qui
852 1878 962 1959 proelio
975 1874 1107 1957 cougrefi

158 1962 213 2045 fies
233 1986 253 2021 a
268 1963 397 2027 Gotarae
416 1968 555 2025 uincitur.
602 1958 801 2024 Mithridates
820 1964 1039 2041 Pautircgnum
1059 1983 1107 2021 re·
1210 2016 1213 2022 .

163 2051 300 2129 ciperare
324 2050 421 2109 tendit
439 2052 528 2113 irrito
550 2064 663 2108 conatu.
722 2051 819 2109 victas
847 2047 964 2107 Romam
988 2047 1105 2105 tetidem
1225 2113 1228 2121 ¹

160 2134 350 2213 perducitur.
398 2134 497 2195 Lollia
513 2130 643 2211 inlustris
656 2128 772 2210 firmina
790 2132 970 2213 Agrippinae
989 2128 1106 2189 artibus

165 2218 316 2276 domama.
336 2260 340 2271 .
358 2216 495 2277 Claudius
506 2220 683 2296 pomoerium
692 2215 775 2278 urbis
789 2215 925 2296 profect-¹
944 2216 1036 2293 etqui
1051 2233 1106 2273 au·
1142 2275 1145 2281 ,

166 2315 195 2361 te
206 2323 271 2362 eum
280 2302 471 2382 protulerint.
512 2300 591 2361 Nero
605 2301 756 2362 Domitius
766 2323 786 2360 a
800 2300 920 2380 Claudio
932 2298 1104 2378 adoptatur.

166 2387 282 2446 Colonia
300 2389 332 2445 in
356 2383 441 2446 Vbios
466 2387 622 2455 deducta„
662 2386 746 2446 Cotti
765 2385 923 2445 latmcinia
955 2384 1107 2462 agitantes

164 2473 332 2530 vincuntur.
386 2471 513 2530 Vannius
527 2471 682 2531 Suevorum
697 2490 763 2540 rex,
784 2469 909 2549 pellitur
928 2485 1022 2544 regno.
1069 2465 1104 2524 P.

164 2551 273 2632 Oborii
292 2557 323 2614 in
340 2553 496 2616 Britannia
517 2575 579 2624 res,
600 2570 630 2613 et
649 2555 683 2611 de
702 2553 862 2612 Caractaco
881 2569 947 2630 rege
970 2549 1104 2608 victoria.
1147 2597 1152 2604 .

162 2639 356 2701 Britannicus
382 2640 565 2717 Agrippinae
582 2634 745 2716 fraudibus
771 2637 882 2696 Neroni
902 2629 1128 2714 posthabetur„

161 2738 194 2782 et
201 2719 360 2803 fidelifflmi
373 2727 509 2782 comitum
520 2721 679 2803 paullatim
691 2719 728 2778 ab
742 2741 772 2778 eo
784 2732 980 2778 removentur.
1032 2715 1105 2776 Pro-

163 2807 251 2888 digia
263 2805 387 2886 aliquot,
406 2822 436 2867 et
455 2807 711 2884 Rornae,enrsonae
730 2806 852 2862 caritas.
894 2801 1005 2862 Bellum
1025 2802 1106 2860 inter

158 2887 317 2950 ‘mesenus
327 2905 357 2949 et
370 2889 468 2954 Iberos
478 2913 489 2945 :
509 2891 557 2949 cui
566 2886 677 2948 Parthi
689 2902 718 2946 et
732 2887 852 2948 Rotnani
865 2903 975 2968 qaoque
987 2881 1105 2962 misitn-

161 2991 224 3035 tur.
267 2975 373 3033 liuius
385 2971 590 3035 Scribonianus
604 2969 762 3051 relegatus.
809 2971 838 3050 S.
860 2973 890 3030 C.
912 2969 1103 3028 Claudianum

163 3061 201 3117 de
212 3055 337 3137 seminis
358 3074 431 3138 quae
443 3055 532 3138 flauo
545 3055 775 3136 succumberent.
823 3055 925 3118 Motus
947 3051 1104 3130 aliquisita

162 3144 273 3202 iudaea
287 3146 365 3200 inter
376 3143 483 3203 incolas
499 3158 530 3202 et
544 3139 685 3202 Romanos
699 3139 820 3200 milites.
857 3139 996 3198 Claudius
1008 3135 1104 3192 lacum

164 3225 304 3292 Fiscinurn
317 3223 416 3304 emisit,
437 3241 466 3286 et
483 3225 586 3285 navaie
591 3221 793 3306 spectaculum
805 3219 951 3303 praebuit.
993 3219 1104 3280 Proca·
1186 3219 1189 3230 ’

163 3327 300 3370 ratarum
312 3315 343 3370 in
349 3313 510 3390 prouinciis
523 3313 692 3369 auctoritas
704 3307 742 3368 ab
756 3307 850 3366 eoelem
855 3301 998 3388 stabilita.
1039 3299 1104 3362 Cois

47 3404 48 3423 ²
164 3397 335 3455 imrnocitas
354 3386 484 3475 conceffa.
530 3395 683 3472 Byzantiis
703 3392 850 3453 tributum
866 3389 1036 3466 adtemptat
1057 3405 1104 3444 re·

163 3473 281 3559 miffism.
324 3477 509 3559 Laepjdaad
517 3494 637 3543 mortem
652 3479 764 3558 agitur.
823 3473 964 3532 Claudius
983 3467 1106 3548 denique
1143 3503 1147 3518 ·

163 3583 269 3621 venena
291 3581 347 3622 ann
361 3557 485 3642 ‘obpiure
505 3562 542 3622 ab
561 3583 652 3621 uxore
674 3559 800 3621 tollitur.
840 3558 920 3618 Nero
935 3554 1104 3636 primordia

163 3647 279 3728 inperii
292 3648 382 3727 capit.
424 3641 755 3728 Gestaboecannissex‚
1036 3661 1040 3672 ·

226 3825 260 3867 C.
286 3820 467 3871 POMPEIO.
492 3825 532 3886 Q
550 3820 756 3870 vnnnnmo

227 3911 261 3958 C.
285 3910 482 3963 ANTtsTw.
508 3911 550 3961 M·
572 3909 694 3961 sumo
717 3905 813 3962 RVFO
