2850 4625
458 164 900 243 PRAEFATIO

141 324 340 428 glodonate
364 354 400 407 c.
422 350 478 407 20
506 348 589 405 etc.
627 329 862 430 omninoque
882 328 1041 431 pluribus
1069 329 1108 411 in
1130 326 1223 407 ldcis

151 440 253 541 plme
270 438 506 542 discrepata
525 440 726 539 Vatiearm,
750 464 791 517 er
814 440 964 541 quidem
987 441 1024 517 in
1051 442 1220 519 lectioni-

156 552 223 627 uns
242 552 492 630 notabilibus:
536 552 641 629 velut
661 579 752 648 ,cum
773 554 824 632 H.
844 555 906 646 lll,
929 576 960 653 7.
985 554 1023 629 in
1037 556 1154 633 Vatic.
1179 552 1220 629 fit

149 658 352 755 adductius,
394 665 442 741 in
472 666 543 741 erl.
572 666 688 767 prima
707 664 759 741 est
778 659 967 745 audacius.
1052 664 1220 766 Accedit,

143 776 252 875 quod
270 775 415 879 Liplius
442 777 598 853 centius
619 776 796 855 lectiones
817 775 1006 854 editionis
1035 778 1218 855 Romanae

137 888 276 987 laudat,
297 890 360 966 ubi
375 887 463 965 silet
484 886 737 978 deVaricano,
763 910 942 966 etcontra
958 888 1003 970 iis
1020 886 1126 978 locis,
1153 889 1218 964 ubi

139 998 330 1100 fingunes
352 1000 581 1099 lectioneS,
615 1002 778 1081 eVatit.
801 998 964 1101 profert,
1000 996 1137 1077 nullam
1160 1000 1216 1079 ed.

141 1112 261 1189 Rom
279 1113 520 1189 mentionem
539 1109 638 1210 facit,
664 1110 727 1189 etsr
742 1109 880 1214 easdem
896 1112 1073 1190 lectiones
1090 1109 1216 1187 hahet:

154 1222 276 1321 quod,
298 1249 373 1300 non
390 1223 582 1301 credibile
596 1224 667 1313 est,
694 1221 873 1301 facturum
895 1222 1016 1301 fuille:
1049 1222 1114 1317 nist
1131 1248 1214 1299 eum

157 1354 314 1437 emm
330 1358 492 1411 tantum
508 1358 557 1411 ex
572 1358 730 1433 utroque
743 1334 836 1417 libro
861 1334 1017 1413 habuisse
1039 1326 1214 1427 dicamus}

156 1446 346 1525 otiislocis
363 1447 503 1523 nihile
524 1446 704 1523 Vaticano
728 1446 1022 1535 notatumfuilse.
1080 1448 1139 1525 Ac
1163 1445 1212 1523 de
1309 1530 1318 1547 κ

147 1558 312 1637 editione
333 1562 544 1651 Romana,
564 1556 668 1635 facile
691 1557 837 1635 credam
853 1560 902 1637 ita
921 1558 1012 1658 elle,
1038 1558 1211 1635 inductus
1316 1564 1320 1569 ’

147 1666 220 1768 i's,
255 1692 348 1771 quae
361 1670 458 1775 post
472 1668 613 1759 dicam,
637 1670 709 1751 „ubi
724 1671 775 1748 de
795 1668 880 1748 edd.
904 1668 1074 1771 Lipsmnis
1096 1666 1210 1745 senno

148 1779 374 1859 instituerim:
435 1804 518 1859 non
541 1782 589 1860 de
620 1780 766 1859 Codice
790 1783 991 1869 Vaticano,
1035 1806 1144 1887 quem
1165 1783 1210 1858 ab

149 1891 231 1994 ipso
245 1892 479 1997 inspectum,
511 1916 550 1971 et
575 1894 781 1981 comeditis
803 1893 975 1971 collatum
991 1892 1080 1983 elle,
1108 1916 1208 1995 patet

153 2006 347 2083 tmeeti
362 2009 456 2084 Var.
483 2006 587 2081 Lect.
604 2008 668 2099 Xl‚
684 2030 707 2085 ι.
768 2008 823 2083 Vt
838 2006 983 2109 paucis,
1017 2005 1107 2113 quid
1129 2004 1206 2086 sen-

157 2116 255 2211 tiam,
287 2118 425 2197 dicam.
485 2116 644 2195 eumin
667 2116 879 2217 quibusdam
907 2142 993 2193 cum
1013 2116 1207 2207 Vaticano,
1247 2111 1250 2115 ⁸

160 2227 423 2331 inquibusdarn
445 2252 532 2305 cum
545 2227 760 2305 Florentino
780 2224 1006 2324 conlentiat„
1023 2229 1063 2304 in
1082 2226 1208 2313 aliisab

160 2363 313 2444 tuoque
335 2339 539 2432 diffentiat,
573 2339 775 2442 habeatque
796 2341 971 2442 quaedam
998 2343 1096 2417 bona
1118 2365 1208 2442 pro-

163 2453 236 2553 pia,
260 2475 306 2532 ut
322 2453 463 2530 enoris
477 2452 632 2531 maxime
647 2453 777 2530 nostris
785 2452 981 2557 apparebit,
999 2479 1072 2532 nec
1086 2474 1210 2530 tamen

164 2565 325 2644 uedrlnile
343 2565 406 2656 lit,
440 2589 464 2640 e
489 2563 649 2666 pluribus
675 2564 881 2643 Codicibus
900 2564 995 2650 inter
1018 2562 1053 2642 se
1070 2563 1221 2642 collatis'
1314 2563 1318 2568 ’

160 2675 291 2755 editum
305 2677 443 2754 librum
459 2675 585 2778 istum,
619 2673 679 2752 sed
703 2701 752 2754 ex
773 2700 871 2768 uno,
896 2701 1018 2777 eoque
1042 2675 1208 2776 antiquo,

157 2809 270 2867 ttmrs
291 2789 391 2865 illius
407 2785 543 2886 sumtus
559 2786 736 2893 uideatur,
766 2789 870 2864 euius
884 2787 1134 2892 apographum
1148 2789 1209 2864 ao

156 2923 295 3004 ceperat
316 2897 513 3004 Spirenlis:
547 2898 692 2984 videtur
709 2899 885 3002 ignorari,
908 2891 1015 2976 unde
1023 2900 1075 2976 illa
1092 2891 1209 2975 editio

154 3011 308 3092 mrem:
355 3009 548 3091 musone
578 3035 624 3085 ex
657 3009 722 3088 illo
747 3012 826 3114 ipso
860 3010 1016 3112 antiquo
1044 3014 1209 3104 Veneto,

269 3123 379 3229 fitpra
396 3120 558 3200 diximus
571 3121 767 3199 aVictorio
782 3121 927 3222 laudati,
948 3149 968 3196 e
984 3120 1208 3198 Bibliotheca

188 3240 331 3342 Marci,
363 3233 489 3314 hodie
511 3255 630 3310 autem
655 3233 752 3346 inea
771 3260 851 3313 non
878 3233 1030 3336 amplius
1050 3230 1208 3335 reperiri.

157 3349 222 3429 add
239 3349 402 3430 dictand
426 3349 535 3424 Arm.
559 3345 657 3442 XIV,
680 3369 726 3422 12.
779 3347 957 3425 Ceterum
976 3367 1018 3421 ut
1043 3344 1120 3422 libri
1140 3345 1207 3420 hu-

157 3459 197 3542 'us
221 3461 387 3544 rarillimi
426 3456 527 3536 ratio
558 3477 595 3531 et
624 3455 771 3535 indoles
804 3455 943 3558 planius
972 3457 1206 3559 intelligatur:
1258 3471 1296 3540 ,⁸

151 3577 248 3659 clnm
262 3579 318 3657 est
344 3565 625 3682 pulcherrima,
652 3567 775 3645 literae
788 3567 1009 3665 luculentae,
1032 3569 1208 3667 margines

141 3687 206 3784 lari,
228 3683 556 3799 utsplendorem
576 3676 895 3777 pulcherrimarum
918 3681 1058 3765 nostrae
1083 3678 1209 3771 aetatis

141 3805 333 3890 mnonmn
363 3795 437 3900 vel
467 3809 624 3886 aequet,
649 3789 713 3890 ‘vel
729 3788 893 3902 superet:
915 3814 1028 3889 'totus
1057 3807 1237 3866 contere-⁶

650 3901 719 3988 bt
1024 3978 1029 3984 ,
1071 3959 1075 3970 .
1154 3920 1213 3974 tus
