2850 4625
395 228 465 293 nu
493 228 671 293 Annas.
707 227 806 294 uio..
831 192 869 291 i.
893 150 913 291 ,Ι
1075 248 1149 319 ‘953

105 366 296 449 tonliciclsat
309 363 496 449 eequispiam
509 367 661 430 eSenetu:
680 364 799 427 scilicet
810 386 848 427 ne
856 386 958 431 arcana
970 386 1087 449 partum
1095 374 1152 437 sci.

104 472 156 515 ret
171 476 234 514 non
245 474 263 515 c
275 453 415 533 patribus.
435 453 615 531 colligimus
628 471 665 513 ex
673 450 785 513 Tacito
799 452 856 519 hic,
870 451 1057 530 quidunintn
1071 458 1152 523 hunc

102 540 260 602 Rusticum
278 530 454 601 Senet'otem
468 536 595 599 ostendit
606 536 699 597 infra:
719 536 805 615 Qud
810 533 912 613 fraud
924 544 1002 598 unius
1015 546 1153 605 Senatorii

104 622 177 700 eiussi
189 622 311 701 maiestas
326 629 499 701 inperatoria
520 618 589 699 effer.
611 620 649 683 Et
663 619 828 699 Spartiano.
851 620 902 697 qui
915 620 1065 685 Hadtitno
1077 624 1153 689 ‘mu·
1181 692 1186 701 ,
1221 698 1224 712 Ι

104 726 164 768 nus
177 706 236 769 hoc
250 707 357 767 tribuit
372 704 436 785 poli
447 704 651 779 Quaesturam.
676 704 732 785 Post
746 704 942 786 Quaesturam,
962 700 1154 778 ain-acrasi.

67 849 75 861 ,
102 807 187 867 ¹nutus
198 795 309 850 curabit.
324 809 453 867 eumque
476 790 622 849 vocabant
638 810 654 849 a
668 808 734 872 cura
755 792 918 861 Actorum,
931 792 995 861 vel,
1017 795 1053 853 ab
1063 795 1153 859 Actis

104 872 242 935 Senatus.
265 874 353 953 Lapis
367 892 464 953 vetus,
481 894 506 933 c.
519 890 669 933 torcio.
684 892 713 933 c.
728 891 753 931 r.
770 891 873 943 σωκ.
886 894 912 952 pt.
928 893 1031 937 vino.
1050 896 1153 939 stut-

103 976 175 1019 tta.
206 974 417 1020 avutcnno.
450 974 637 1019 nonnoso.
671 973 799 1019 INTER.
835 976 1052 1033 (Questus.
1093 980 1151 1026 ne.

106 1060 235 1103 neris.
260 1058 340 1102 seN.
369 1037 558 1102 conficiebat
575 1040 635 1100 dini
657 1039 805 1101 Senator:
826 1040 886 1101 sive
905 1062 1038 1121 praeerat
1056 1044 1152 1111 confi.

107 1125 231 1187 ciendis.
255 1125 305 1186 rui
323 1144 424 1187 tamen
445 1126 579 1188 adiuncti
599 1123 711 1185 scribac
737 1122 962 1205 consortesque,
989 1148 1063 1206 quos
1083 1150 1098 1189 a
1118 1122 1155 1193 re'

104 1210 359 1281 Actuariositem
373 1210 520 1269 dicebant.
545 1209 733 1287 Capitolinus
749 1209 1042 1278 senatusconsultum
1060 1215 1153 1277 Taci·
1229 1267 1235 1273 .

95 1290 173 1354 'tum
194 1292 235 1355 ita
253 1292 407 1361 describit,
428 1310 458 1351 ut
469 1315 522 1351 non
529 1292 646 1371 scribae,
672 1292 810 1373 nonservi
822 1292 936 1371 publici,
955 1320 1008 1355 non
1022 1298 1152 1377 cenſstales
1256 1326 1259 1343 .

104 1378 159 1437 iliis
170 1378 275 1437 actibus
287 1378 455 1457 intereffrnt:
476 1380 615 1439 Senatores
629 1384 793 1457 exciperent,
813 1384 950 1459 Senatores
962 1386 1052 1439 omnia
1070 1383 1152 1461 officia

105 1458 266 1540 censualium
274 1462 476 1543 scribarumque
489 1464 662 1539 complerent,
684 1461 785 1541 nequid
793 1454 871 1538 sorte
882 1465 1051 1541 proderetur.
1072 1470 1154 1529 cen·

103 1544 204 1606 suales
222 1546 275 1605 illa
292 1564 370 1607 aetas
386 1546 476 1617 dixit,
497 1546 648 1617 librarios,
665 1543 789 1611 scribas,
812 1547 1056 1627 tabellioncsque.
1079 1551 1152 1611 lnde

102 1628 216 1691 titulus
231 1630 263 1691 in
276 1630 389 1691 Codice
401 1633 421 1690 l.
435 1632 469 1691 X.
483 1647 664 1709 conceptus,
685 1635 725 1685 De
739 1628 894 1700 tabulariis,
906 1628 1015 1709 scribit,
1030 1635 1153 1711 logogra·
1172 1651 1178 1677 ι
1220 1649 1226 1689 c

98 1715 182 1793 piis,
209 1730 234 1774 rt
254 1714 434 1793 censualibus:
454 1714 522 1774 inde
538 1718 575 1775 'et
594 1712 739 1773 censuale
760 1708 910 1784 officium,
930 1714 1006 1776 haud
1026 1719 1152 1781 alrimili

103 1798 208 1869 sensu,
228 1801 249 1859 l.
266 1798 381 1859 XVlll.
394 1819 420 1859 c.
438 1797 489 1859 De
501 1798 690 1859 testamentis.
711 1798 810 1873 quue
828 1816 933 1859 mente
943 1801 1151 1863 Tertullianus

104 1883 201 1962 Apol.
220 1902 282 1961 cap.
297 1884 358 1947 XX.
376 1888 536 1941 Graecorum
555 1880 683 1961 eenfiuuies
695 1880 856 1958 confercndi.
877 1885 1013 1951 Actuarii
1027 1888 1078 1962 qui
1099 1907 1151 1947 ex·

105 1966 438 2047 cipiunt·scribuntque
456 1968 506 2043 b),
526 1984 561 2027 ut
584 1966 665 2025 lulio
688 1964 827 2026 Suetonii
852 1987 915 2049 cap.
933 1968 997 2031 LV.
1019 1971 1152 2032 Senecae

105 2049 189 2129 epist.
205 2050 315 2111 xliiii.
334 2058 396 2109 Nori
414 2053 520 2132 quidem
535 2053 598 2109 baec
615 2070 683 2130 quae
693 2051 787 2133 alienis
806 2052 891 2109 ierbit
904 2054 1103 2131 commodatur,
1124 2072 1151 2113 et

106 2140 232 2191 Attuarii
244 2142 295 2192 iice
302 2132 445 2213 fungitur:
458 2151 490 2195 et
499 2131 604 2194 Gloffis
613 2135 745 2204 Graccit,
761 2132 1152 2216 irruunuueu'ypoeeondctua·

106 2223 174 2289 rius,
190 2218 367 2278 Menoruiius.
387 2219 452 2295 Qui
464 2239 527 2278 non
543 2223 573 2279 in
587 2222 662 2279 urbe
675 2218 788 2285 solum,
809 2218 901 2299 sedin
919 2222 1082 2301 provinciis
1095 2223 1150 2283 mi·

106 2300 241 2380 lititque.
263 2302 395 2364 Attuarii
413 2304 444 2363 in
470 2303 595 2373 militia,
616 2304 636 2364 l.
652 2303 689 2364 V.
713 2323 738 2364 c.
760 2303 809 2364 De
829 2306 1006 2385 erogatione
1028 2308 1150 2370 militar.

108 2403 250 2446 arnonae.
271 2386 309 2448 Et
321 2386 490 2466 Spartiano:
512 2388 566 2466 lpse
579 2389 652 2469 quod
667 2395 846 2446 matrimoniis
866 2391 980 2448 miiitum
992 2407 1020 2447 et
1036 2395 1151 2450 miiitia-

54 2461 58 2468 ¹
108 2477 180 2528 rium
193 2473 386 2554 corrumpendis
400 2490 506 2548 operam
515 2475 608 2545 daret,
634 2472 780 2552 aquodam
797 2473 936 2544 Attuario,
957 2482 1150 2533 cuiusuxorena
1218 2477 1221 2488 '

100 2553 291 2635 stupraverat,
306 2556 437 2635 percuffiu
451 2556 492 2636 esi.
513 2559 600 2631 Quos
614 2558 770 2636 eleganter
779 2573 811 2614 et
824 2575 892 2616 cum
905 2559 1023 2619 adfectu
1038 2561 1150 2620 descri-

107 2637 153 2698 bit
167 2639 276 2702 Victor
289 2639 319 2700 in
332 2639 490 2700 Gallieno:
512 2646 643 2709 Attuarii,
662 2642 777 2718 inquit,
789 2659 871 2716 genus
881 2643 1014 2700 hominum
1025 2665 1147 2722 nequam,
1252 2639 1253 2644 '

104 2724 218 2793 venale,
237 2723 381 2795 residunt,
394 2721 563 2803 seditiofirm,
590 2722 701 2780 habendi
721 2725 864 2801 cupidum,
883 2742 963 2806 arque
981 2729 1021 2783 ud
1033 2747 1150 2804 parran-

104 2807 154 2864 das
161 2805 277 2887 fraudes
287 2808 466 2889 uelandasque
480 2809 555 2887 quast
565 2807 598 2864 ab
613 2823 713 2865 nutura
721 2805 844 2884 factum,
864 2829 985 2874 annonae
997 2814 1149 2877 dominum:

105 2913 187 2971 etque
193 2894 272 2949 utilia
285 2893 471 2953 curantibuset
478 2888 746 2970 firtuniturutorum
757 2889 892 2972 insessum:
908 2897 1024 2970 prudens
1036 2902 1065 2954 in
1079 2912 1148 2954 tenr-
1227 2899 1230 2906 “

102 2992 170 3052 pore
186 2977 226 3032 his
238 2975 386 3051 largiendi,
405 2996 519 3056 quorum
532 2962 657 3033 tiecordiu
670 2976 817 3055 damnoque
830 2995 887 3054 opes
899 2987 1071 3037 contraxerit.
1098 2979 1149 3038 Sa·

106 3059 148 3118 tis
156 3058 193 3118 de
207 3059 292 3118 Actis
298 3058 437 3121 Senatus:
451 3059 543 3119 venio
552 3059 587 3118 acl
601 3058 716 3137 populi.
738 3059 778 3117 Ea
787 3059 864 3120 dicta
875 3061 1056 3134 Publicium,
1075 3062 1149 3122 Sue·

105 3144 194 3203 conio
208 3143 240 3201 in
255 3143 385 3203 Tiberio
399 3161 461 3222 cap.
474 3143 512 3202 V.
533 3162 565 3204 et
580 3143 649 3201 alias
664 3139 770 3221 pallini.
791 3144 868 3204 ltctn
882 3145 1012 3218 Diutnt,
1033 3147 1101 3224 quia
1116 3145 1149 3207 in
1189 3179 1191 3186 v

103 3225 170 3285 dies
188 3224 430 3298 conficerentur,
451 3226 561 3288 Tacito
580 3227 629 3286 lib.
649 3227 726 3286 xvi.
749 3243 782 3286 et
803 3229 883 3288 Xlll.
917 3229 995 3290 item
1018 3233 1147 3291 Vrbana.

104 3307 229 3386 Saepius
243 3311 335 3371 etiam
346 3309 459 3381 iunii,
481 3313 576 3381 Acta,
596 3312 659 3367 κατ’
671 3309 772 3384 linxit.
794 3311 835 3396 lis
848 3312 1080 3390 continebantur
1099 3331 1147 3374 res
1212 3337 1251 3379 ·,
1320 3350 1323 3360 -

103 3393 297 3473 rationesque
313 3397 436 3474 populi,
457 3393 566 3454 iudicia
580 3395 717 3475 publica,
736 3395 895 3475 supplicia,
911 3399 1047 3469 comitia,
1067 3399 1147 3460 aedi·
1207 3467 1210 3474 ,

102 3475 193 3545 ficia,
213 3479 400 3550 nativitates,
425 3478 551 3539 illustres
566 3498 694 3548 mortes,
718 3479 923 3550 matrimonia,
943 3482 1081 3544 divortia.
1096 3483 1146 3544 De

101 3560 226 3621 indiciis
238 3561 451 3642 suppliciisque
463 3562 619 3623 admonuit
631 3563 806 3624 Ammianus
818 3563 967 3626 lib.XXll.
984 3571 1018 3624 Et
1029 3566 1147 3646 actuſsi-

97 3664 187 3726 pereo
197 3647 326 3725 gestanou
331 3647 488 3727 finemugno
501 3646 654 3725 legebantur
662 3647 779 3720 horrore,
793 3671 851 3704 cum
864 3651 895 3706 id
905 3651 1045 3708 uoluminis
1057 3652 1147 3728 pubii-

101 3737 128 3787 ti
142 3735 284 3786 contineret
294 3727 430 3788 exordium
438 3754 448 3786 .·
461 3731 603 3810 Cunfiulatu
613 3735 697 3788 Tauri
711 3747 737 3787 et
745 3733 877 3804 Florentii,
888 3735 994 3792 inducto
1002 3733 1052 3812 fieb
1060 3737 1147 3795 Prae·

102 3813 208 3873 crnibus
226 3819 320 3872 Tauro.
342 3813 404 3873 Vbi
418 3832 450 3874 et
461 3813 588 3876 formam
602 3814 730 3892 aliquam
751 3814 875 3876 servabis
891 3816 1146 3880 conficiendorum

103 3899 265 3962 Actorum.
286 3897 335 3959 De
354 3895 517 3971 aediliciis,
538 3897 664 3959 Tacitus
682 3897 740 3965 lib.
755 3899 836 3964 Xlll.
857 3907 962 3960 Nerone
978 3921 1024 3968 11.
1046 3903 1077 3962 L.
1100 3907 1146 3960 Pi·
1181 3947 1182 3950 ,
1287 3900 1291 3919 “

495 4005 505 4020 ·
559 4003 563 4006 ·
617 3982 747 4064 00ος
914 4076 918 4085 ⁴
1080 3985 1146 4064 sune
