2850 4625
337 203 637 328 aunaarvn
658 257 751 326 tm.
776 235 878 327 mv.-
1054 267 1108 348 ‘7¹7

125 403 253 498 upe'rtat
269 399 360 495 efftnt
374 401 517 494 infidias,
546 397 627 468 ludis
641 404 755 480 anatur
769 393 1005 467 celebrarentur
1011 425 1026 468 .·
1046 423 1177 486 att-„a

125 515 214 558 rcum
230 494 397 560 Minervae
403 491 605 584 fimulacrttm
622 494 657 555 in
673 494 780 568 cutia,
801 501 834 554 tt
848 494 941 555 iuxta
948 496 1103 584 principit
1118 509 1166 569 813·
1265 571 1271 577 ¹

125 587 229 673 imago
268 591 453 650 atteretur:
482 579 551 646 dits
573 579 688 646 natalis
700 580 890 674 Agrippinae
902 584 990 645 inter
1011 581 1099 671 nefa
1108 569 1176 688 ff*

117 667 210 763 stote
233 685 274 737 tt.
325 669 469 736 Thrasea
484 674 616 746 Pactus,
638 666 783 745 filentio,
805 665 860 735 vel
873 668 967 734 brevi
983 669 1103 740 assensu
1151 669 1160 686 ⁶

122 761 255 850 priores
275 758 477 826 adulationes
500 757 719 825 transmittere
739 755 869 835 solitus,
900 755 913 782 ²
932 759 1016 824 exiit
1031 777 1102 828 tum

123 849 252 928 senatu,
283 871 319 916 ac
333 845 390 914 fibi
406 848 541 915 caussam
556 845 693 937 periculi
708 843 806 923 secit,
836 847 953 914 ceteris
969 846 1105 926 liberta,

122 939 165 1005 tis
186 939 312 1005 initium
327 961 395 1006 non
409 938 570 1028 praebuit.
616 935 769 1026 Prodigia
784 957 920 1026 quoque
934 937 1048 1006 crebra
1067 957 1112 1008 et

118 1027 212 1094 irrita
237 1026 454 1096 intercessere.
485 1047 622 1116 anguem
637 1025 734 1092 enixa
756 1024 890 1092 mulier:
930 1046 963 1094 et
987 1025 1046 1097 alia
1066 1031 1101 1097 in

120 1117 304 1202 concubitu
319 1117 425 1186 mariti
441 1114 575 1183 fulmine
589 1116 780 1182 exanimata.
816 1114 884 1181 iam
901 1111 947 1182 sol
962 1137 1102 1206 repente

121 1204 324 1292 obscuratus,
345 1227 381 1286 et
396 1225 501 1273 tactae
518 1205 559 1274 de
575 1203 665 1294 caelo
681 1204 934 1294 quatuordecim
950 1205 1039 1274 urbis
1047 1228 1100 1274 re-

118 1297 247 1386 giones.
287 1317 371 1386 quae
394 1296 479 1363 adeo
502 1289 511 1328 ³
531 1293 596 1362 stne
612 1299 688 1362 cura
706 1293 804 1362 deum
822 1294 1033 1376 eveniebant,
1062 1313 1101 1364 ut

119 1385 242 1452 multos
265 1382 341 1476 post
361 1407 462 1473 annos
478 1386 571 1454 Nero
593 1383 768 1475 imperium
788 1402 823 1449 et
848 1379 968 1450 scelera
989 1387 1099 1455 contis

117 1474 281 1542 nuaverit.
349 1475 523 1554 Ceterum,
555 1495 624 1564 quo
639 1492 791 1562 gravaret
804 1472 962 1540 invidiam
976 1475 1099 1561 matris,

118 1585 225 1654 eaque
249 1565 400 1644 demota,
433 1583 558 1632 auctam
579 1563 744 1629 lenitatem
758 1560 847 1628 suam
856 1560 1097 1644 testificaretur,
1131 1565 1160 1624 πῖ

117 1651 255 1720 feminas
271 1652 419 1732 illustres,
441 1653 604 1730 ⁴luniam,
626 1649 887 1741 etuCalpurniam,
911 1647 1098 1744 praesectu-
1181 1731 1189 1739 ,
1259 1666 1262 1673 ’

116 1766 153 1810 ra
182 1739 315 1810 functos
338 1742 506 1810 Valerium
529 1739 727 1830 Capitonem
752 1758 785 1805 et
807 1740 969 1808 Licinium
984 1741 1096 1810 Gabo-

115 1832 197 1910 lum,
224 1829 352 1899 sedibus
366 1831 479 1921 patriis
494 1828 651 1907 reddidit,
674 1828 713 1894 ab
731 1828 914 1917 Agrippina
929 1829 1008 1896 olim
1020 1831 1097 1922 pul-

114 1915 181 1989 sos.
227 1923 332 1988 Etiam
346 1919 472 1987 Lolliae
488 1915 648 1985 Paullinae
658 1918 783 1983 cineres
798 1919 972 2005 reportari,
990 1918 1096 2008 sepul-

113 2032 277 2100 crumque
292 2003 584 2098 exstruipermifit:
606 2027 759 2098 quosque
772 2001 841 2094 ipse
855 2027 960 2096 nuper
973 2007 1096 2096 relega-

113 2119 227 2176 verat,
248 2100 402 2176 Iturium,
426 2117 458 2164 et
475 2093 664 2174 Calvisium,
686 2111 794 2186 poena
810 2091 963 2164 exsolvit.
1009 2099 1095 2164 Nam

112 2187 221 2255 Silana
236 2185 304 2253 fato
319 2184 531 2266 innotuerat,
562 2184 744 2288 longinquo
766 2184 805 2252 ab
829 2181 941 2252 exsilio
966 2185 1094 2274 Taren-2

113 2299 187 2345 tum
203 2275 356 2365 regressa,
381 2274 507 2353 labante
532 2275 596 2349 iam
618 2274 820 2366 Agrtppina,
843 2275 936 2343 cuius
953 2274 1094 2343 inimici-

112 2368 167 2434 tiis
187 2365 387 2448 conciderat,
410 2365 462 2433 vel
478 2385 548 2433 tum
556 2365 707 2452 mitigata.
755 2365 929 2431 Cunctanti
944 2365 977 2430 in
993 2366 1094 2456 oppi-
1116 2389 1151 2455 ¹3

112 2457 163 2524 dis
181 2456 386 2546 Campaniae,
409 2476 544 2551 qttoaam
557 2458 647 2541 taodo
661 2449 769 2521 urbem
785 2453 1032 2547 ingrederetur5
1052 2479 1094 2520 an

1015 2538 1094 2633 obfi-

113 2688 211 2737 Domit.
226 2704 246 2741 c.
260 2698 285 2751 4.
299 2686 429 2738 consentite
444 2688 520 2737 libros
535 2688 588 2737 edi-
620 2704 694 2742 raet,
712 2691 740 2734 iu
757 2687 834 2736 stunt.
867 2684 948 2735 Tacit.
955 2686 1020 2735 XVl.
1028 2686 1093 2735 ltttoe

115 2772 155 2803 tou
169 2756 192 2803 in
204 2756 347 2816 quinquatria
355 2758 427 2805 video
434 2789 443 2814 ,
463 2756 501 2805 scd
515 2756 538 2804 its
546 2756 583 2803 vi·
620 2753 698 2819 ipsum
730 2756 812 2802 locum
844 2752 994 2817 respiciente
1027 2754 1092 2801 Olim

114 2822 202 2873 tiusum
214 2837 296 2887 puto,
318 2840 342 2873 et
361 2823 384 2871 in
407 2823 460 2871 aliis
473 2823 533 2872 locit
548 2838 585 2887 ap.
619 2820 720 2883 transsate
737 2818 859 2883 nufiafit,
895 2832 920 2868 tt
936 2823 1092 2869 accedentibus

114 2890 259 2939 Suetonium
279 2891 311 2940 esl
335 2894 492 2951 quinquatrus.
526 2891 586 2939 Mox
619 2884 694 2950 tauffit
714 2892 738 2936 in
759 2888 899 2950 strafitaat,
927 2894 986 2947 quaa
1002 2892 1091 2937 Senatu
1168 2934 1174 2948 ,

112 2956 177 3010 Ηοτ.
191 2960 274 3009 Guels.
288 2960 326 3008 ed.
340 2950 579 3023 pt.t'nfidt'attfftntt,x
620 2956 714 3021 egrtffits
732 2954 777 3015 ast,
799 2970 848 3003 tuta
867 2961 896 3004 dt
907 2956 1035 3019 Agrippina
1052 2972 1091 3004 rt·

145 3026 275 3075 :Exitium
281 3026 389 3088 finatut',
406 3020 511 3085 taſsii]
539 3027 586 3075 Lo-
613 3026 739 3092 ferretur,
773 3036 801 3072 ut
832 3022 963 3072 menarum
994 3020 1090 3087 Lipfiut,

113 3109 157 3143 cua
171 3090 219 3163 qui'
230 3096 327 3145 mutilus
348 3094 469 3150 videatur,
492 3106 517 3140 et
537 3108 585 3141 non
618 3093 718 3157 Recepit
739 3092 851 3143 Pitheua.

113 3162 155 3211 est.
192 3162 261 3211 Nihil
282 3161 345 3210 enim
366 3167 473 3211 narratur
492 3160 515 3209 in
534 3176 584 3225 quo
654 3178 665 3225 3
690 3160 746 3207 Sint
763 3172 818 3207 cura
839 3164 903 3206 aum
929 3159 1090 3220 eveniebant]
1143 3188 1149 3202 .

109 3226 232 3283 Thraseae
240 3222 373 3281 offenderit.
410 3226 585 3278 Atscribeme-
618 3224 761 3291 ἰπικεςίζιι
779 3241 804 3274 et
822 3226 866 3275 hic·
882 3240 908 3275 et
928 3226 983 3275 alibi
1004 3226 1088 3279 noller.

111 3314 168 3346 tum
189 3288 304 3346 sitienter:
340 3296 397 3345 exist
418 3309 467 3344 tum
485 3296 583 3344 Senatu.
617 3291 711 3357 Lipfius.
747 3295 764 3344 i.
777 3311 798 3342 e.
812 3293 935 3358 apparuit,
952 3292 1090 3356 inhisport·
1176 3346 1178 3349 ,

110 3366 169 3415 Hoc
191 3364 255 3411 enirn
274 3363 325 3413 solo
345 3362 386 3411 stbi
402 3362 525 3412 discrimen
542 3378 584 3426 pe-
616 3363 688 3411 tentit
709 3362 742 3410 nil
762 3361 838 3410 divini
861 3359 942 3417 suiffe,
965 3376 1013 3416 non
1030 3376 1089 3423 por·

109 3434 174 3497 perit
188 3446 288 3494 magnus
303 3431 342 3477 isle
354 3430 404 3486 vir,
421 3434 486 3493 quod
495 3432 582 3480 Senatu
615 3431 712 3479 tendere
726 3428 756 3477 iit
775 3430 844 3478 Deos
866 3428 995 3491 perniciem
1007 3428 1088 3477 Nero·

109 3498 212 3563 egressus
227 3498 274 3555 ess,
292 3512 346 3546 cum
361 3491 390 3545 de
403 3498 529 3561 Agrippina
543 3512 582 3545 te·
616 3496 652 3546 nis
671 3496 786 3553 uoluiffe,
809 3510 838 3561 ut
856 3495 887 3542 iit
905 3495 1021 3543 creditum
1039 3492 1082 3551 est,

109 3572 223 3620 serretur.
257 3564 407 3629 xiphilinus:
439 3566 582 3616 'unitatae
615 3580 677 3629 quae
698 3580 754 3613 ante
767 3578 872 3612 mortem
892 3561 987 3610 Claudii
999 3576 1088 3611 evene-

110 3638 133 3682 ³1
155 3637 260 3700 equasti
279 3638 360 3683 nultus
380 3630 433 3682 {aaa
451 3637 492 3689 utu
518 3634 539 3683 lt
556 3636 582 3679 tl
616 3648 649 3681 re.
684 3630 769 3683 irridet
787 3631 860 3691 igitur
874 3630 1087 3694 potiuapottenta,
1151 3660 1154 3665 -

110 3707 238 3768 inultam,
264 3707 303 3749 uu)
316 3706 356 3751 tit
375 3700 479 3751 inretiat
498 3700 583 3751 tutat·
616 3714 741 3751 eteorum
754 3699 884 3747 uanitatem
904 3696 1000 3745 indicat.

109 3788 162 3831 tta,
184 3773 364 3826 ἀναγνυώιὶσης
374 3768 396 3813 lt
409 3771 478 3821 αὐτῆς
491 3770 583 3826 lectita
649 3784 668 3831 4
688 3767 804 3825 sunum]
827 3763 971 3820 Caluinam,
999 3767 1030 3814 tle
1042 3778 1088 3827 que

114 3858 138 3884 tt
155 3842 239 3893 tiiit,
256 3842 309 3899 πρὶν
327 3840 364 3885 ul
386 3834 446 3883 titan
464 3836 582 3889 datatim
616 3834 658 3883 lib.
681 3848 718 3885 12.
757 3830 800 3881 De
821 3830 966 3895 Calpurnia,
994 3834 1083 3880 codem

110 3912 162 3956 ὡιι
170 3941 179 3963 ,
199 3911 237 3953 ul
251 3908 345 3965 igitir,
361 3904 430 3959 itin,
451 3901 519 3957 aaut
529 3904 582 3953 'sit-
615 3902 687 3950 etiem
708 3900 750 3948 lib.
765 3898 851 3949 Statim
857 3921 875 3955 ,·
899 3898 1016 3949 Pratum
1026 3897 1086 3963 fitn-

110 3986 162 4037 aar,
188 3980 262 4025 «tutti
282 3976 311 4023 uu
326 3973 439 4028 aitrau,
458 3969 474 4017 ἃ
491 3970 582 4021 ttttt·
615 3982 678 4028 etas,
695 3972 757 4035 leto.
774 3961 869 4031 Lipfitu.
902 3967 983 4017 Recte.
1016 3971 1081 4083 R*

431 4042 436 4049 '
889 4051 891 4060 ·
989 4050 998 4081 t
1038 4045 1087 4095 ept-

532 4115 539 4141 s
