2850 4625
368 221 435 285 ao
467 218 643 285 ANNAL.
681 170 853 286 unni.
1065 220 1165 311 943·

85 380 137 422 nen
145 359 301 438 tmopptdo
311 361 537 439 ingenuitatibus
547 361 680 430 ereditur,
693 374 741 421 etc.
754 376 858 422 contra
871 374 1004 423 veterem
1017 361 1127 425 editio·

85 465 157 506 nem
171 443 334 505 rescribere
355 446 444 508 audet
454 444 737 525 Angustorltoe'enfium.
754 442 855 524 itaque
868 444 972 509 edidit.
1010 447 1055 510 Oe
1071 447 1128 510 ho:

84 529 192 589 minis?
212 527 339 589 Scilicet
351 545 414 589 tota
427 548 463 589 et
478 528 577 589 oratio
593 527 833 589 inClivienstum
848 528 957 591 scholis
972 530 1129 596 instauran-

84 614 129 673 dis
143 631 325 691 occupatur:
340 631 463 690 quarum
477 611 697 692 memorialnist
706 613 783 692 apud
796 612 876 675 hunc
886 615 1128 698 dormitatorem)

84 694 227 777 nusquam
242 715 423 757 autuomen.
440 695 555 756 Adsero
566 695 624 756 tibi
639 714 719 757 tuam
728 697 853 777 gloriam
860 698 1129 778 Augustodunum:

85 781 135 841 vel
150 800 210 839 uno
221 779 290 850 istu,
305 799 396 859 quem
411 779 518 841 vitabit
532 778 608 858 ipse.
645 780 796 860 Scriptum
809 781 853 841 ibi
867 781 963 843 enim:
979 784 1128 845 Civitatem

70 865 162 947 'istem
177 863 210 926 θ’
213 867 276 923 olim
282 861 413 943 fraterno
419 866 513 942 Populi
527 869 640 921 Romani
649 870 755 922 nomine
759 867 911 943 gloriatam.
954 868 1128 944 Quiautem

83 968 103 1009 e
119 948 226 1017 Gallis,
237 948 342 1009 fratres
356 950 463 1027 populi
475 948 612 1019 Romani,
633 949 889 1027 praeterAEduor?
913 968 1040 1031 quorum
1056 952 1129 1016 haec
1190 989 1195 1003 ι

84 1033 155 1093 urbs
168 1050 265 1111 caput.
308 1037 350 1093 At
363 1032 446 1091 enim
459 1030 571 1092 ibidem
585 1031 729 1112 scriptum
747 1033 791 1113 (id
802 1052 898 1115 nuper
910 1032 1002 1097 homo
1015 1040 1127 1101 amicus

84 1116 161 1176 mihi
174 1115 350 1195 obiiciebut)
364 1116 502 1174 lenocinio
521 1136 581 1174 tam
593 1117 737 1177 Baetim
749 1118 891 1179 eebetionis
901 1119 1020 1199 obseffam
1031 1120 1129 1203 fuiffer
1216 1180 1220 1189 ,

86 1200 169 1281 quod
181 1200 231 1260 vix
244 1200 408 1261 convenire
420 1201 544 1279 putebat
556 1200 588 1260 in
599 1202 728 1271 Editor,
749 1203 802 1281 qui
817 1221 833 1261 a
845 1203 960 1268 Batavis
973 1203 1019 1266 siti
1031 1207 1126 1287 longo

85 1284 257 1345 intervallo.
300 1284 356 1345 Sed
370 1285 437 1345 vito
456 1284 548 1345 facile
560 1283 742 1364 petitionem
754 1284 837 1357 eius,
855 1305 890 1349 et
901 1285 1020 1349 discedo
1034 1291 1128 1353 lutere
1257 1312 1261 1333 ·

86 1368 177 1432 testu.
219 1368 298 1429 Num
311 1385 468 1447 corruptus
488 1370 589 1439 locus,
607 1368 780 1448 scriboque,
801 1372 964 1446 Bagaeuditae
977 1374 1129 1441 rebellionis.

86 1450 333 1520 Batavixlatronee
347 1472 508 1530 numquam
522 1452 721 1532 adeapenita
738 1456 821 1523 loca;
838 1473 896 1516 nec
909 1456 1060 1517 latrocinii
1071 1462 1132 1525 Bae
1160 1514 1162 1519 ,
1224 1492 1227 1503 ·
1272 1425 1283 1501 i

84 1536 178 1599 tavici
192 1536 308 1597 mentio
322 1535 354 1597 in
365 1534 599 1608 mediterraneis,
612 1534 665 1597 sub
679 1536 710 1596 id
719 1556 833 1598 aevum.
872 1539 915 1599 At
928 1539 966 1601 de
976 1542 1127 1621 Bagaudit,

86 1622 223 1683 auiloret
232 1620 381 1691 credendi,
394 1620 446 1699 qui
453 1641 499 1681 ret
511 1619 688 1699 scripserunt
697 1619 892 1683 Diocletiani.
906 1623 1025 1685 Viilor:
1041 1631 1128 1684 Nam·
1220 1668 1226 1679 .

85 1728 136 1786 que
151 1703 196 1762 ubi
209 1711 348 1781 comperit,
372 1710 465 1762 Carini
476 1703 574 1782 diffeffu
583 1706 719 1763 AElianm
737 1706 940 1785 Amandemque
948 1726 997 1785 per
1013 1710 1128 1767 Galliam
1185 1746 1186 1751 =

85 1796 173 1847 excita
184 1788 410 1868 manuagtefiiem
422 1790 599 1860 etiamnum,
611 1810 674 1869 quos
685 1791 824 1866 Begaedat
834 1792 1040 1865 incolaeiec'emt,
1046 1808 1130 1872 popte-

86 1874 215 1932 latitem
225 1878 311 1950 agris,
319 1869 459 1952 plerasque
470 1874 574 1931 urbium
589 1886 708 1930 tentare.-
726 1875 927 1932 Maximianum
939 1878 1130 1954 Imperatorem
1162 1902 1165 1912 ·
1207 1930 1210 1948 ,

86 1958 166 2016 iubet.
185 1955 338 2016 Salvianus
352 1956 430 2017 libro
445 1957 481 2017 V.
491 1956 528 2017 de
542 1956 704 2017 Gubernat.
719 1963 814 2037 itaque
822 1956 964 2035 pefflmuel
973 1960 1013 2016 ad
1024 1961 1130 2032 Gothos,
1181 1947 1187 1960 ’

48 2047 49 2056 ’
86 2042 133 2098 uel
141 2041 180 2098 ad
192 2040 343 2119 Bagradas,
355 2040 403 2097 uel
412 2042 452 2097 aei
462 2041 529 2098 aiios
542 2040 637 2121 ubique
647 2041 812 2099 dominanter
820 2040 946 2100 barbaros
957 2050 1088 2121 migrant,
1100 2059 1128 2100 et

48 2137 49 2140 ’
87 2122 206 2201 migrasti
220 2145 272 2181 nen
283 2129 410 2202 poenitet.
435 2124 515 2186 Vide
526 2123 770 2186 etOtosrumlib.
786 2122 855 2185 Vll.
875 2125 928 2184 ubi
942 2144 1058 2198 tamen,
1073 2135 1128 2186 Be·

48 2227 49 2242 *
88 2208 194 2265 eitadae
211 2206 243 2266 in
255 2207 383 2268 manusc.
406 2209 527 2279 codice,
546 2207 596 2286 qui
616 2208 691 2287 apud
710 2207 829 2279 mech,
851 2210 981 2289 legitur,
1005 2208 1126 2273 licut&

48 2301 49 2313 ¹
89 2289 267 2350 Baccheridae
289 2291 320 2352 in
341 2290 461 2357 Eusebii
475 2292 641 2354 chronicis.
659 2291 831 2374 Spernimut
848 2314 922 2373 ergo
935 2296 1128 2376 Augullocli·

90 2373 214 2447 vienset,
235 2375 370 2443 Rhentni
382 2377 507 2440 colonos
519 2397 631 2440 novos:
643 2396 676 2439 et
687 2373 845 2441 Maeniana
859 2377 911 2436 illa
920 2379 1127 2460 Augullotluni

91 2458 316 2539 constituimus,
336 2476 372 2522 ut
389 2462 439 2522 hic
454 2480 491 2523 ex
503 2461 614 2523 Tacito
628 2461 729 2534 videt,
748 2457 933 2525 vetulliffima
950 2463 1016 2544 poll
1028 2459 1127 2524 Malli·

89 2544 180 2614 liam,
200 2545 344 2606 bonarum
355 2546 466 2606 'artium
480 2542 557 2607 sede.

134 2645 218 2690 hoo.
233 2627 350 2708 Ergone
365 2648 516 2691 certamen
531 2627 605 2690 mihi
615 2648 739 2700 novum,
755 2646 811 2707 pro
824 2626 977 2690 veteribus
990 2627 1127 2692 Maenia·
1192 2659 1198 2674 ·

88 2713 156 2774 uis?
174 2733 290 2774 novum
303 2713 332 2774 de
345 2732 495 2795 magnum,
516 2733 585 2775 cum
599 2714 664 2774 viro
676 2733 794 2794 magno.
836 2711 965 2784 Tecum,
978 2712 1127 2794 Stephane

87 2797 182 2878 Pighi.
197 2797 249 2875 qui
261 2797 294 2858 in
309 2796 592 2860 Herculel'rodicio
603 2817 713 2877 nuper,
725 2795 790 2877 ipso
805 2795 886 2856 aditu
900 2796 945 2858 tui
958 2798 1069 2878 operit,
1084 2799 1127 2858 itt

87 2881 235 2944 aeriter&
248 2884 353 2943 multis
365 2881 509 2960 machinis
525 2903 573 2945 eas
584 2879 769 2962 oppugntshi,
783 2897 817 2940 ut
828 2879 955 2941 nesciam
969 2901 1005 2942 an
1014 2881 1066 2941 sim
1079 2899 1127 2942 re·

86 2967 260 3048 pugnando.
299 2966 417 3028 Tamen
435 2967 503 3046 quie
518 2963 627 3028 caussae
642 2966 776 3042 bonitet,
796 2963 850 3024 nist
864 2963 964 3039 fallor,
980 2985 995 3026 a
1011 2986 1060 3027 mr
1075 2963 1136 3038 esu·

87 3050 232 3132 nitarpro
240 3051 377 3112 veritate.
389 3050 624 3132 disponamhanc
636 3047 805 3118 stiliaciem,
818 3065 920 3109 manus
935 3065 1037 3112 tecum
1054 3069 1126 3110 con·
1220 3087 1225 3102 ·
1354 3093 1359 3102 .

87 3137 201 3203 feramt
214 3133 263 3199 sed
274 3154 309 3196 ot
325 3154 394 3195 cum
408 3135 514 3205 amico,
527 3137 616 3216 plane
628 3135 731 3196 amice.
751 3135 796 3195 Vt
805 3151 867 3192 non
880 3130 977 3196 solum
989 3132 1049 3194 stne
1063 3134 1127 3214 ple·

87 3240 126 3299 gn
142 3237 240 3298 pugna
255 3218 327 3280 haec
341 3215 389 3290 stt,
410 3219 459 3280 sed
473 3218 533 3282 fine
547 3219 738 3300 sugillatione
754 3234 806 3280 aut
819 3215 933 3278 morsu:
954 3215 1027 3279 secut
1039 3217 1127 3280 decet

85 3303 210 3364 mitium
223 3303 342 3364 dearum
356 3304 501 3363 alumnos.

254 3386 353 3464 'hyali
366 3382 394 3449 ii
404 3374 457 3470 ipre
471 3383 516 3452 eidi
526 3392 653 3466 βροτοῖσι.

86 3468 233 3548 Quisquis
246 3471 319 3533 ltaec
332 3474 429 3550 leget,
446 3469 588 3532 affectum
602 3471 634 3530 in
648 3487 711 3538 me,
726 3484 778 3528 eut
791 3482 845 3546 pro
858 3483 909 3526 me
920 3483 1016 3544 ponet
1032 3464 1127 3545 unfit

87 3552 229 3635 Φροπίζιν
243 3560 279 3614 ri
290 3551 472 3628 Aediessitdi
487 3555 615 3622 &hestiae
626 3550 825 3625 σολδμᾶλλον.
867 3549 939 3610 Dixi
952 3569 1027 3631 ego,
1042 3548 1128 3608 nobi·

88 3642 135 3699 les
159 3639 233 3699 illut
242 3641 390 3708 Oratione
404 3639 542 3700 Eumenii
559 3637 674 3698 scholae
692 3635 880 3715 (Maeuianae
899 3631 964 3711 ipse
983 3631 1127 3713 appellet)

89 3721 337 3804 Augustoduniin
343 3722 457 3784 Celtica
470 3717 570 3783 fuisse:
584 3717 730 3800 tufflighi,
744 3716 985 3798 Augusto-Clivii
1001 3735 1049 3778 eas
1064 3717 1128 3778 col·

89 3809 171 3869 locas
185 3808 364 3872 inextremr
378 3807 498 3887 Belgica
516 3807 551 3868 ad
562 3805 711 3867 Rhenum.
754 3802 800 3862 lta
813 3819 880 3863 toto
900 3800 965 3864 solo
984 3819 1018 3864 ec
1032 3801 1127 3876 caelo,

89 3891 171 3972 quod
181 3893 302 3962 dicitur,
315 3888 490 3955 diffidemus.
504 3890 572 3952 Tua
585 3904 757 3971 argumenta
769 3885 966 3966 praevidebo,
980 3883 1128 3946 subserem

130 3977 208 4038 Corn.
223 3981 367 4041 Tetus
655 4031 658 4036 .
698 3973 788 4035 000
1053 3985 1126 4030 mea.

467 4176 472 4181 ¹
504 4190 513 4203 ι
