2850 4625
181 120 194 143 .
294 68 302 117 ¹
375 122 378 128 -

483 171 903 293 enarratio

171 370 297 460 bitere,
322 368 408 449 dum
435 370 577 453 idoneis
594 372 684 450 mihi
704 370 937 451 documentis
962 371 1226 481 permoratur,

121 600 135 617 ν
173 480 366 583 iurantis,
386 480 500 586 iisque
514 486 631 585 annis,
649 482 777 563 Taciti
791 480 904 561 libros
921 484 1039 561 editos
1058 486 1140 568 esse.

249 698 345 783 Mihi
364 702 449 804 post
471 704 524 781 Io.
533 703 705 806 Spirensis
715 660 925 783 editionem
948 702 1063 809 prima
1077 704 1145 783 visa
1167 708 1221 787 est

169 815 356 916 Francisci
371 810 565 895 Puteolani
587 818 709 895 Vener.
726 837 831 923 1497.
847 815 968 893 forma
988 816 1135 905 maiori,
1158 842 1220 897 cu·

167 950 242 1007 rara
260 952 327 1031 per
345 922 502 1039 Philipp..
518 928 633 1021 Porci,
659 926 833 1005 sumtibus
849 920 1037 1009 Benedicti
1045 930 1220 1008 fontano.

167 1039 271 1121 Huic
287 1034 548 1141 praefationem
564 1038 743 1142 praemisit
756 1039 962 1118 Franciscus
976 1040 1022 1115 ad
1044 1033 1220 1119 Iacobum

167 1148 439 1251 Antiquarium‚
465 1149 626 1227 ducalem
646 1150 890 1229 secretarium:
926 1152 1053 1252 inqua
1075 1147 1220 1229 sedicit

168 1260 295 1337 multis
317 1259 462 1362 vigiliis,
491 1260 799 1363 intentiffimoque
815 1262 948 1364 studio,
964 1260 1220 1365 recognovisse

22 1450 30 1463 ,
169 1370 293 1451 Taciti
332 1370 476 1461 libros,
528 1372 721 1453 adiuvante
760 1371 990 1456 Bernordiao
1025 1376 1219 1475 Lanterr'o,
1293 1410 1304 1429 ·

170 1483 334 1564 omnium
349 1482 670 1561 Mediolanensrum
686 1484 941 1581 eruditissim03
976 1484 1024 1563 de
1039 1510 1116 1586 quo
1131 1484 1217 1563 vide

166 1595 322 1685 saxium,
335 1595 422 1672 loco
431 1619 520 1673 mox
533 1596 711 1677 laudando
726 1623 765 1701 p.
774 1621 856 1693 240.
910 1596 1219 1688 addievenems

164 1704 393 1813 impressores
419 1706 533 1807 (vitio
556 1732 748 1811 operarum
766 1709 818 1786 est
839 1712 959 1789 veteri
983 1709 1022 1785 in
1044 1707 1216 1810 exemplo

164 1824 329 1909 Veneto,
346 1841 383 1895 et
400 1816 651 1897 ed.Beroaldi:
678 1846 841 1925 proquo
857 1818 1216 1923 Venetilegitestatur

165 1930 375 2011 Maettarius
401 1932 454 2011 T.
480 1933 509 2008 1.
536 1955 575 2033 p.
599 1940 680 2027 346.
702 1932 742 2009 in
759 1931 922 2010 editione
942 1930 1087 2028 Taciti,
1121 1954 1215 2030 quae

166 2041 351 2145 loci‚anni,
361 2064 399 2119 et
407 2044 625 2153 typographi
637 2068 725 2121 nota
734 2040 922 2121 careatzde
931 2041 1112 2146 quamox)
1120 2041 1214 2119 adeo
1352 2062 1360 2070 ·

165 2151 392 2235 inculcavisi'e
408 2150 653 2233 etfoedavisse
675 2155 749 2235 hoc
763 2153 927 2231 divinum
942 2178 1051 2258 opus,
1073 2172 1116 2229 ut
1134 2175 1231 2250 non,
1326 2200 1330 2207 ·

165 2266 284 2348 modo
302 2263 543 2345 cornelianae
559 2262 746 2346 facundiae
768 2266 930 2346 maiestas
954 2263 1217 2367 inquinaretur,

165 2379 227 2460 sed
242 2377 303 2456 vix
319 2374 436 2455 sensus
452 2378 544 2456 ullus
561 2379 758 2458 coniectari
771 2377 900 2483 posset.
981 2375 1103 2478 Huius
1117 2399 1214 2478 quo·
1316 2412 1320 2428 ·

165 2515 238 2594 que
252 2488 423 2568 editionis
439 2489 561 2568 charta
578 2511 617 2568 et
633 2490 714 2594 typi
734 2487 812 2568 satis
827 2491 1009 2592 elegantes
1031 2485 1131 2580 sunt,
1151 2482 1218 2564 sed

165 2601 385 2708 superiorem
409 2599 506 2680 illam
519 2601 575 2680 lo.
591 2599 761 2704 Spirensis
770 2626 850 2680 non
859 2599 1074 2702 adsequitur.
1118 2597 1215 2704 ‚Qi-
1269 2681 1272 2686 ,

165 2717 235 2794 bus
248 2714 344 2792 libris
360 2712 442 2790 usus
458 2711 499 2790 stt
514 2739 600 2790 cum
615 2714 788 2790 Lanterio
803 2714 841 2791 in
859 2707 1079 2814 corrigendo
1101 2706 1215 2784 Taci-

165 2849 221 2921 to,
250 2851 326 2904 non
343 2824 485 2928 prodit:
511 2823 611 2902 unde
627 2820 666 2902 in
683 2820 922 2927 suspicionem
938 2821 1041 2900 venit
1067 2821 1095 2898 l.
1112 2819 1215 2895 Gro-

164 2938 293 3030 novio,
324 2935 422 3012 forte
437 2959 476 3012 et
494 2935 581 3028 asiis,
611 2933 707 3036 quasi
722 2961 769 3012 ex
785 2934 935 3037 ingenio
958 2926 1070 3010 muita
1093 2953 1214 3007 mura·

164 3050 275 3138 verit,
301 3049 410 3126 etiam
431 3046 612 3138 licentius,
634 3046 921 3147 quamdeberer.
1004 3046 1088 3149 Qa
1106 3037 1215 3144 suspi-

105 3234 110 3240 .
164 3162 277 3242 cione
292 3185 377 3237 eum
401 3182 531 3260 magna
552 3181 652 3260 parte
678 3156 834 3264 aspiri,
869 3157 1061 3260 postquam
1083 3151 1215 3231 librum

165 3269 496 3372 Guelferbytanum
513 3269 666 3348 contuli.
744 3267 893 3346 Etenim
902 3267 941 3345 in
959 3291 1010 3343 eo
1022 3265 1215 3344 maximam

165 3407 304 3490 partem
322 3383 523 3460 lectionum
537 3380 675 3482 inveni,
702 3378 890 3481 inquibus
919 3375 1069 3479 ingenio
1090 3375 1213 3452 indui-

166 3496 239 3576 srsse
253 3494 425 3576 creditur.
482 3497 609 3594 Itaque
624 3489 721 3570 haud
735 3491 846 3569 dubie
860 3487 987 3594 etipse
1002 3482 1099 3566 libris
1108 3487 1213 3564 MSS.

167 3607 247 3686 usus
270 3606 341 3702 est,
373 3603 436 3682 etsi
458 3629 537 3682 non
558 3624 821 3705 usquequaque
841 3601 960 3678 bonis.
1033 3600 1213 3677 Ceterum

166 3718 344 3822 egregiam
360 3739 484 3795 tamen
500 3714 624 3793 Taciti
637 3713 735 3792 libris
752 3735 902 3818 operam
919 3710 1080 3802 navavit,
1105 3705 1213 3807 quod
1285 3730 1289 3734 ·

165 3853 233 3910 eos
249 3829 358 3908 etiam
372 3853 393 3906 a
406 3817 502 3906 iitiis
518 3821 710 3904 manifestis
724 3825 783 3904 ves
805 3823 1046 3916 librariorum,
1073 3817 1132 3901 vel
1154 3839 1213 3923 ty·

624 3935 649 4013 b
674 3959 703 4036 4
1080 3953 1215 4034 pogra·
