2850 4625
331 214 343 269 i
365 192 672 293 annaurvrr
700 224 791 293 rra.
815 224 885 293 xu.
1053 244 1103 313 m
1200 304 1204 309 ,

119 368 215 437 Hine
231 360 346 434 versus
358 367 401 435 ad
412 366 546 456 legatos,
562 365 695 435 extollit
706 363 854 435 laudibus
869 366 1028 434 alumnum
1043 363 1175 434 ter-dv·

117 456 177 537 bis,
192 454 357 552 spectatae
369 455 464 522 ‹ad-id
476 457 647 545 modestiae.
683 455 755 521 *ee
773 473 879 522 tamen
887 454 1030 545 [nenda
1049 438 1174 557 ref&

113 568 195 642 gum
210 551 349 637 ingenia,
370 566 467 633 neque
480 544 549 634 ufiti
564 540 692 611 crebras
709 549 907 613 mutationes.
952 566 1020 611 rem
1036 546 1099 613 no·
1121 532 1165 633 {e

120 656 252 703 manem
277 635 338 701 buc
351 631 502 725 serietate
525 633 649 727 gloriae
663 640 862 729 proveetim3
905 650 942 713 ret
960 640 1101 703 externis

144 743 249 815 reoque
264 719 412 817 gentibus
430 729 570 817 quietem
585 724 675 791 velit.
719 724 842 791 Datum
862 721 938 816 post
960 725 1040 793 haec
1061 726 1100 791 C.

121 750 244 891 Z'allio,
264 813 326 903 qui
342 814 453 896 Syriae
467 832 626 903 praeerat,
650 812 817 881 deducere
833 814 981 883 iuvenem
997 814 1102 905 ripam
1135 858 1139 879 ,

123 906 165 972 ad
181 902 369 993 Euphratis.
414 902 458 968 Ea
480 896 671 991 tempestate
685 894 807 971 Caffius
831 909 837 937 ¹
856 921 984 971 ceteros
1006 919 1153 993 prae-12
1213 928 1218 951 r

122 992 271 1060 minebat
281 990 399 1081 peritia
410 989 529 1079 legum.
565 1014 638 1057 nam
651 990 804 1059 militares
820 1012 904 1059 artes
918 1014 979 1083 per
996 992 1102 1059 otium

123 1086 273 1175 ignotae,
295 1076 536 1170 industriosque
557 1099 612 1147 aut
632 1080 768 1169 ignavos
790 1100 857 1170 pax
873 1082 907 1149 in
929 1102 1035 1171 aequo
1051 1077 1102 1147 te-¹

125 1190 196 1241 net.
243 1170 409 1248 Attamen,
432 1188 589 1259 quantum
603 1166 668 1235 fine
683 1166 770 1235 bello
786 1170 940 1249 dabatur,
964 1190 1101 1237 revoca-

125 1284 164 1329 re
180 1256 326 1353 priscum
339 1279 477 1336 morem,
498 1255 511 1281 ²
529 1258 710 1325 exercitare
725 1256 888 1347 legiones,
911 1282 998 1335 cura,
1023 1280 1103 1348 pro-

123 1348 198 1418 visu
212 1348 354 1439 perinde
368 1368 476 1436 agere,
498 1368 536 1414 ac
549 1344 570 1412 sr
585 1344 685 1414 hostis
700 1348 876 1436 ingrueret.
911 1348 954 1415 ita
970 1348 1104 1437 dignum

126 1436 308 1507 maioribus
320 1434 392 1518 l'uis„
408 1454 441 1503 et
459 1434 578 1503 familia
593 1429 693 1503 Callia
710 1456 807 1517 ratus,
832 1432 841 1469 ³
859 1436 1001 1529 perillus
1018 1458 1104 1527 quo·

127 1550 194 1620 qne
203 1545 319 1616 gentes
334 1524 505 1593 celebrata.
531 1531 537 1541 '
551 1527 652 1613 igitur
668 1524 796 1603 excitis,
822 1548 963 1617 quorum
978 1526 1020 1593 de
1034 1523 1102 1592 len-

126 1618 231 1687 tentia
251 1614 374 1705 peritus
394 1635 476 1693 rex,
506 1612 684 1703 politisque
703 1610 811 1680 castris
836 1616 923 1707 apud
944 1616 1105 1703 Zeugma,

127 1706 220 1776 unde
232 1704 374 1770 maxime
395 1702 528 1793 pervius
551 1704 663 1781 amnis,
685 1700 857 1793 postquam
879 1701 1013 1771 illustres
1028 1707 1104 1771 Par-

127 1794 197 1877 thi,
226 1813 357 1883 rexque
379 1793 526 1859 Arabum
549 1792 736 1877 *Acbarus
759 1792 954 1873 advenerat,
991 1812 1105 1861 monet

569 1970 573 1977 μ
603 1880 684 1949 Mm
709 1902 725 1965 5
970 1882 1105 1949 Meher-

129 2045 167 2097 stc
191 2040 288 2092 ecoe.
313 2039 378 2089 Flot.
401 2038 468 2088 dedit
492 2038 602 2090 Pithena.
637 2051 737 2088 omnes:
760 2032 802 2087 nili
815 2036 882 2101 quod
898 2038 1067 2089 Gronoviante
1079 2052 1104 2091 et
1198 2030 1204 2049 ⁴

130 2127 192 2161 vett.
205 2108 260 2157 edd.
275 2106 530 2155 omneatoleranriora.
561 2106 603 2157 To-
635 2106 709 2169 Ryclr·
731 2104 897 2168 praeminebat,
919 2106 985 2169 quod
1009 2102 1104 2163 securus

133 2177 244 2230 inerim
263 2174 318 2224 sunt
336 2172 446 2235 gratiora.
492 2174 557 2235 Nam
575 2188 603 2225 ut
636 2174 704 2227 ium,
722 2172 779 2239 quie
793 2170 822 2220 stc
835 2188 919 2223 ornnee
933 2188 990 2223 verr.
1009 2174 1062 2223 edd.
1082 2190 1104 2223 c.

133 2246 217 2296 cneci
234 2246 364 2301 «διέχων
382 2244 453 2291 eriam
473 2242 504 2290 de
531 2243 603 2290 rebor
637 2255 677 2309 33.
698 2254 723 2289 et
743 2239 809 2303 supra
826 2240 956 2305 aliquoties
973 2244 1021 2293 MS.
1041 2242 1105 2291 Flur.

134 2313 204 2366 bonit
213 2310 307 2367 dicunt,
323 2308 353 2360 lic
372 2307 469 2358 tolerari
483 2308 529 2360 dici
549 2306 603 2374 pos·
635 2308 729 2358 unicus.
763 2306 816 2357 Post
827 2308 882 2360 dedi
894 2320 936 2357 aur
950 2323 964 2356 e
976 2310 1028 2360 MS.
1040 2310 1105 2360 Flor.

133 2381 187 2434 suot
197 2379 271 2429 eriam
288 2392 353 2438 grata
368 2388 393 2426 et
406 2379 478 2428 bona.
510 2377 548 2426 Sic
567 2377 603 2426 vi·
636 2380 673 2426 ed.
687 2392 723 2440 pr.
737 2391 781 2440 pro
795 2387 832 2435 ec,
850 2379 915 2438 quod
932 2377 1004 2426 cereri
1017 2377 1106 2426 babent

134 2463 161 2498 re
169 2445 268 2496 tolerari
279 2444 366 2494 dicitur
380 2442 458 2509 saepe,
475 2445 603 2496 nullamo·
637 2458 732 2499 omnee‚
750 2439 792 2494 nist
806 2445 874 2508 quod
890 2443 962 2492 etiam
978 2444 1106 2494 Rhenanus

134 2517 214 2568 lediae
227 2511 397 2576 fignificatioae
411 2514 529 2563 adiuncta.
546 2510 603 2564 Pos-
635 2511 667 2561 stc
678 2510 785 2566 volebat.
801 2525 849 2558 non
864 2509 1001 2572 parentibus
1018 2510 1106 2574 operit.
1172 2547 1176 2555 .

134 2583 247 2634 fieeriam
264 2579 404 2642 surreperet
438 2596 477 2628 eae
500 2581 603 2630 virtutes
635 2580 671 2629 Ac
682 2576 794 2639 sequente
807 2575 883 2624 vocali
904 2575 1039 2627 inolitarum
1058 2593 1104 2623 ve-

133 2649 285 2703 rolerab'diue
298 2648 396 2695 reddere
410 2647 505 2708 regium
528 2647 604 2710 impe·
637 2646 730 2695 teribus
746 2638 825 2702 suilie,
848 2641 915 2708 saepe
928 2659 1045 2698 monuere
1061 2643 1108 2692 viri

133 2721 202 2770 rium.
238 2715 285 2764 Sed
300 2729 346 2761 non
363 2713 396 2761 ed
414 2715 510 2767 neceffe.
545 2716 604 2764 Fru-
637 2710 712 2762 docti.
1202 2707 1208 2714 '

135 2786 177 2835 ura
197 2782 247 2832 viri
265 2781 331 2829 docti
349 2795 470 2831 tentarunt
488 2781 605 2843 corrigere
672 2795 685 2826 2
702 2777 813 2835 Erotem
826 2776 937 2838 legionen]
960 2778 1026 2828 Vetr.
1045 2793 1110 2826 exet·-

139 2853 246 2907 laetim,
261 2847 369 2908 gratim
379 2863 426 2896 erc.
639 2847 718 2902 titere.
735 2839 832 2906 Lipfiur.
877 2847 904 2895 Er
913 2845 976 2894 Cod.
991 2845 1109 2894 Flanon-

166 2919 236 2982 4Ac
248 2928 326 2963 terren
330 2914 433 2978 fidendo
450 2930 527 2976 regum
542 2917 605 2976 inge-
638 2915 669 2962 de
689 2913 789 2960 restitnit
806 2911 914 2968 Pichena.
954 2911 1014 2964 Mor
1033 2925 1109 2968 retur,

136 2989 194 3044 rie]
221 2984 264 3034 Ed.
278 2999 314 3048 pr.
328 2995 357 3029 et
371 2995 456 3030 tamen.
492 2983 606 3032 Rhenano
640 2983 707 3046 quod
724 2977 798 3028 abed'e
812 2979 909 3028 tellrrur
927 2979 944 3027 l.
967 2979 1109 3030 Gronovius

137 3067 237 3117 quoque
251 3064 280 3098 ac
292 3061 368 3096 tamen
380 3047 523 3112 suspectum,
538 3049 608 3113 quod
640 3066 653 3098 a
669 3048 730 3096 Cod.
741 3047 801 3096 Flor.
814 3061 857 3096 nec
871 3045 895 3095 in
909 3048 947 3094 ed.
960 3063 995 3110 pr.
1011 3061 1108 3110 compa·

138 3135 223 3169 ornnes
252 3117 496 3166 aPuteoialrebent.
548 3117 608 3164 Mor
640 3129 687 3170 rer.
703 3113 1014 3170 undevaldecredibilefit‚
1033 3111 1108 3162 ided'e

138 3179 340 3251 edm-posthac,
364 3199 470 3234 ceterum
489 3186 608 3233 tornaio·
641 3181 773 3232 insuirium.
804 3183 867 3237 Nec,
885 3179 1001 3244 idipsum.
1019 3179 1109 3246 autfi-

138 3268 180 3303 rut
192 3252 233 3310 fic,
250 3268 278 3301 ur
294 3266 357 3300 nunc
369 3252 458 3308 editur,
474 3249 609 3300 ibidemex·
640 3263 702 3304 rens,
717 3250 835 3306 delirant,
852 3249 963 3311 intelligi,
976 3249 1082 3300 alienum
1095 3263 1110 3296 a

138 3321 226 3386 predux
245 3319 287 3368 ed.
326 3319 427 3368 Ceterae
448 3319 501 3367 edd.
524 3331 609 3368 omnes
641 3317 725 3368 Taciti
746 3317 807 3366 stilo.

138 3389 166 3439 ad
180 3389 321 3438 Pithenamt
358 3385 517 3434 velitatum.
546 3381 610 3444 Pesl-
677 3397 690 3449 3
716 3383 763 3430 Per
776 3383 923 3443 illasqueqae
939 3385 1039 3444 genter.)
1068 3379 1110 3430 Oh

138 3456 194 3504 berec
210 3483 221 3493 -
238 3483 250 3494 -
267 3459 301 3500 nd
312 3453 435 3515 &pererit
445 3453 514 3500 iubet.
641 3450 743 3502 callium
765 3449 849 3506 illum,
872 3451 912 3512 qui
933 3450 1112 3518 superunitur,

172 3542 180 3569 ι
194 3521 285 3569 Cera-ror
303 3518 479 3582 prominebat]
506 3516 612 3571 vatican.
643 3519 711 3567 cuius
726 3519 819 3579 insyria
835 3518 944 3580 prospera
956 3533 993 3568 res
1006 3516 1111 3582 policia·

139 3592 347 3652 eerm'spraemt.
382 3587 489 3650 Accipio.
515 3581 609 3647 Lipfiur.
642 3588 699 3635 dem
711 3585 786 3634 Craffi.
807 3579 911 3646 'Lipfiun

140 3659 174 3705 ira
186 3657 259 3705 eriam
274 3657 313 3704 ed.
327 3671 365 3718 pr.
402 3655 430 3704 Et
449 3653 482 3701 est
501 3652 553 3703 sanc
569 3667 611 3700 err·
677 3652 839 3713 4Abborus,]
866 3655 970 3700 solenne
991 3649 1111 3711 illiereg'r·

141 3722 247 3786 quiritiur
264 3722 374 3771 dictum:
410 3737 454 3770 nec
474 3721 611 3769 dubitarem
643 3721 690 3768 but
704 3733 800 3774 nomen,
818 3733 847 3767 ut
865 3721 1018 3767 Ptolemaeus
1033 3723 1110 3778 Aegy-

142 3790 264 3838 restituere
276 3821 285 3844 ,
309 3787 351 3837 nist
367 3785 466 3851 suspicio
479 3787 611 3849 inpendet.
644 3788 709 3852 priis.
725 3786 801 3836 Varie.
826 3786 927 3834 sichem
948 3789 1037 3850 i'emper
1058 3785 1112 3834 l‘cri·

144 3857 166 3905 id
188 3859 321 3920 repetirum
339 3873 351 3902 a
367 3855 465 3902 librario
483 3868 497 3898 e
518 3871 614 3918 praece·
645 3869 725 3918 pmm,
757 3867 781 3901 et
800 3854 906 3916 Appiano
923 3855 1055 3916 'expugnet
1088 3855 1113 3899 in

145 3925 266 3994 depribee.
321 3923 498 3971 Praemium
539 3921 614 3971 cereri
647 3921 760 3972 Nummle
779 3921 893 3984 antiquis,
917 3924 1047 3984 'aeraque
1072 3917 1113 3988 ιι·

1049 3985 1118 4044 gnos,
