2850 4625
127 370 173 473 e.
220 230 1102 486 condiziidsami'-

170 622 456 725 EXCESSV
500 532 640 727 Dissvl
682 626 985 715 AVGVSTl
1064 720 1069 728 .

111 755 1090 966 ANNALIVM

233 1018 899 1153 L1uE-RQvaRTvs.
958 1044 961 1049 ·

369 1294 625 1357 Bnarsansvn
647 1294 772 1359 Lanae.

61 1414 64 1467 l
97 1446 159 1507 delii
170 1447 270 1509 Seiani
278 1440 426 1525 praesnti
436 1456 532 1523 praet.
548 1448 844 1526 ingeniumetmores.
884 1446 914 1507 Is
927 1446 971 1504 ad
981 1438 1078 1509 dumi?

127 1536 264 1591 nationem
277 1526 433 1607 adspirat:
455 1543 484 1586 et
497 1546 531 1589 ut
540 1534 708 1610 perveniat,
729 1530 858 1611 Drusum
880 1530 924 1591 Ti.
940 1530 1044 1591 Filium
1057 1549 1074 1587 e

61 1648 66 1657 ·
128 1613 328 1682 mediocria,
350 1612 617 1674 adiuranteuuore
637 1615 737 1684 Livio,
768 1630 854 1694 qnam
865 1612 967 1695 stupro
984 1617 1073 1695 prius

61 1758 62 1761 ,
128 1700 275 1778 puduerat.
318 1694 419 1755 Eidem
429 1696 488 1777 fini
506 1698 599 1778 castra
620 1700 777 1759 Praetoria
798 1700 903 1759 Romae
920 1697 1000 1759 iubet
1020 1718 1074 1757 ete·
1148 1755 1152 1762 .

127 1782 207 1863 Jlsue’,
228 1796 258 1840 et
270 1779 393 1839 militem
408 1780 538 1847 inunum
551 1780 641 1843 locum
655 1784 781 1843 conduci.
829 1781 875 1842 ab
886 1780 938 1841 hoc
947 1796 1075 1863 tempore
1136 1805 1141 1820 ·

128 1864 219 1949 lappae
232 1866 350 1945 imperii
361 1883 417 1921 res.
472 1866 595 1944 Ideoque
614 1869 664 1946 qui
670 1864 770 1945 slatus
789 1881 859 1925 tunc
872 1886 986 1935 rerum,
1008 1868 1074 1945 puis

130 1968 267 2017 numerus,
291 1964 365 2027 quae
378 1946 441 2006 loca
454 1946 610 2011 cohortium
622 1966 652 2009 et
665 1951 815 2030 legionum,
841 1950 961 2010 Tacitus
972 1964 1077 2029 appar·

129 2053 193 2095 tune
206 2030 383 2112 exsequitur.
424 2031 466 2092 At
478 2031 574 2113 Druso
584 2034 643 2094 iam
658 2050 778 2104 mortuo,
791 2035 927 2095 Senatum
942 2036 1079 2113 Princeps

132 2119 295 2199 ingreditur
303 2138 313 2170 .·
337 2115 503 2177 Germanici
515 2119 583 2177 duas
590 2118 669 2200 filios
683 2120 807 2187 inducit,
828 2136 928 2198 eosque
939 2132 973 2177 ut
985 2121 1075 2197 inspe-

133 2206 170 2262 rit'
188 2200 307 2260 heredes
326 2196 464 2278 patribus
485 2202 670 2263 commendat.
719 2204 838 2263 Seianus
856 2220 909 2283 quo
930 2200 1074 2281 destinata

131 2286 289 2369 perficeret,
307 2284 500 2364 Agrippinam
513 2286 613 2346 callide
626 2285 830 2356 calumniatur,
860 2302 890 2347 et
899 2284 1012 2366 semina
1020 2282 1076 2364 fu-

133 2373 191 2432 turi
201 2371 262 2429 odii
274 2370 304 2427 in
317 2365 410 2448 ipsam
423 2367 578 2449 liberosque
591 2373 672 2431 iacit.
730 2369 862 2431 Tiberius
877 2371 1033 2450 legationes
1047 2382 1076 2428 et
1135 2420 1138 2432 .

133 2452 323 2534 etcufletiones
336 2452 446 2530 aliquot
459 2456 613 2514 civitatum
625 2470 654 2515 et
670 2457 890 2534 provinciarum
900 2451 995 2512 audit.
1020 2454 1078 2511 Hi·

61 2589 64 2604 ‚
130 2537 246 2616 stolones
257 2534 322 2615 five
335 2535 528 2596 Pantomimos
550 2537 737 2616 immodestius
755 2532 872 2618 agintes
884 2535 977 2595 ltalia
985 2535 1077 2614 pellit.

136 2623 178 2682 De
194 2623 324 2682 Flumine
343 2619 428 2680 Diali
445 2617 558 2701 eiusque
577 2621 757 2681 caerimoniis
779 2621 976 2699 temperandis
1003 2637 1078 2677 nova
1141 2658 1143 2661 ·

138 2705 266 2767 lerlata.
311 2701 489 2773 Sacerdotes,
502 2703 673 2784 fhllennibus
687 2706 778 2767 uotis,
806 2707 895 2762 etiam
908 2700 1038 2781 Drusiana
1050 2716 1081 2762 et

82 2810 85 2814 ·
139 2789 272 2850 Neronem
285 2787 356 2846 Diis
365 2789 639 2850 commendaverant.
663 2807 747 2866 aegre
755 2786 936 2849 idvTiberius
948 2787 1028 2855 tulit,
1052 2801 1081 2845 et

141 2875 249 2934 initium
269 2875 300 2930 in
315 2891 361 2930 eos
382 2875 471 2934 exitii
484 2869 558 2950 fuit.
599 2872 628 2931 C.
642 2871 731 2931 Silius
743 2892 781 2929 eu
799 2872 901 2930 amicis
916 2871 1082 2948 Germanici

142 2958 294 3016 damnatus.
341 2953 478 3036 CruPiso,
499 2955 529 3016 C.
545 2952 656 3036 Caffinr,
676 2955 811 3014 Plautius
827 2953 978 3022 Siluanus,
998 2973 1083 3013 accu-

140 3037 192 3114 [mi
205 3055 260 3100 aut
273 3040 430 3104 damnati„
469 3039 510 3098 ,ln
525 3037 630 3118 Africa
651 3036 853 3117 Tacfarinatis
865 3034 931 3096 bello
941 3037 1013 3120 fiais
1028 3041 1082 3096 im·

142 3122 235 3200 pofitus
255 3143 275 3182 a
293 3123 328 3182 P.
349 3123 507 3182 Dolabella.
529 3120 588 3202 ipsi
608 3122 787 3200 Tacfarinas
804 3119 916 3201 caefiss:
967 3121 1085 3182 Semian

141 3203 355 3282 producamus
369 3207 511 3276 inltalia,
525 3204 583 3286 sed
595 3204 699 3284 statim
723 3199 865 3304 oppruffie:
922 3205 969 3290 Q
985 3203 1085 3264 Vibius

146 3288 257 3350 Serenus
271 3293 302 3350 in
308 3291 416 3370 senatu
428 3290 516 3372 afilia
530 3287 691 3370 accusatur,
713 3305 742 3350 et
755 3293 912 3370 Amorgum
923 3303 1083 3360 auraretur.

145 3369 173 3432 P.
187 3375 309 3442 Suillius,
329 3374 437 3454 aliique
450 3375 634 3434 damnantur.
654 3375 736 3434 Inter
749 3395 794 3433 cos
806 3373 968 3433 Cremutius
975 3371 1085 3431 Cordus

146 3452 266 3534 hillarius
274 3453 424 3538 scriptor,
463 3457 541 3535 quod
559 3459 683 3518 Brutum
709 3469 740 3517 et
762 3455 878 3537 Caffium
897 3448 1085 3534 laudaviffee,

144 3539 247 3620 eiusque
259 3539 330 3600 libri
347 3540 489 3618 combusti,
531 3541 676 3618 Cyzicenis
691 3540 812 3602 libertas
823 3544 948 3601 ademta.
1001 3539 1083 3598 Tem·

145 3623 183 3698 pli
194 3623 322 3684 honorem
334 3624 370 3684 ab
383 3621 525 3706 Hispanis
537 3624 666 3684 oblatum
684 3623 818 3684 Tiberius
823 3623 951 3705 spernit.
1003 3621 1083 3682 Seia·

145 3723 192 3765 nus
213 3703 294 3766 rebus
307 3729 345 3770 ex
362 3725 428 3770 vato
447 3705 541 3786 adbuc
551 3705 721 3787 fluentibus,
741 3706 968 3786 altiorajlruit:
987 3721 1017 3766 et
1035 3705 1084 3767 li·

148 3791 218 3850 ve'am
240 3789 278 3851 sbi
292 3811 446 3854 uxorema
464 3789 600 3871 Principe
612 3793 698 3870 petit.
725 3789 772 3850 lric
785 3789 902 3871 modeste
913 3806 1009 3869 negat,
1029 3790 1084 3850 ad·

148 3871 213 3936 ditis
226 3871 330 3958 cauffls.
373 3878 432 3940 Sed
444 3875 488 3937 ille
501 3889 534 3936 ut
544 3871 767 3959 'potentiamfibi
778 3891 916 3957 augerent
940 3871 1086 3953 magisque

613 3959 677 4032 Vs
983 3970 1088 4057 veter·
1118 4051 1120 4054 ¹
1190 4026 1195 4034 .
