2850 4625
38 187 40 312 l
248 242 817 358 .·.nuunL1vML1u.u1.
930 340 933 345 .
1029 295 1090 378 ⁴⁶5

103 429 205 520 pitur,
228 426 275 494 ob
290 421 419 500 servum
434 423 636 494 adulterum:
660 449 722 495 nec
741 425 952 498 dubitabatur
966 428 1009 496 de
1023 428 1083 501 fla·

103 519 197 608 gitio.
246 538 346 606 ergo,
368 511 699 596 omill'adefenfione,
729 513 831 586 finem
845 515 1004 586 vitaesrbi
1044 544 1084 588 o·

104 608 174 678 suit
221 610 285 674 Per
299 605 387 672 idern
400 624 531 694 tempus
546 602 567 645 '¹
587 603 745 674 Clitarum
757 607 864 689 natio,
889 609 958 698 Cap
984 627 1001 676 a
1027 613 1082 678 oci
1097 624 1136 683 4¹
1234 624 1236 627 ’
1305 663 1311 687 ,

105 695 271 766 Archelao
288 692 450 773 subiecta,
475 695 552 784 quia
575 692 721 763 nostrum
743 696 827 764 inan
852 696 930 764 dum
951 629 1163 768 deferrem·
1202 700 1204 705 ’

106 783 226 864 census,
251 783 456 877 pati'tributa
472 783 675 874 adigebatur,
697 784 733 852 in
747 786 822 876 iuga
872 784 940 854 auri
959 791 1081 860 montis
1094 769 1167 882 fif,
1241 794 1245 805 '

106 871 266 945 abscellit:
298 873 519 963 locorumque
547 873 679 963 ingenio
701 871 766 942 sese
792 894 908 955 contra
938 876 1084 955 imbelles
1109 903 1151 964 3⁶.

102 966 186 1056 regis
203 963 319 1055 copias
333 957 517 1040 tulabatur3
543 961 652 1030 donec
667 965 719 1032 M.
729 963 927 1044 Trebellius,
949 965 1084 1057 legatus,

101 1054 287 1132 aVitellio,
309 1048 457 1144 praeside
472 1052 592 1136 Syriae,
615 1075 691 1120 curn
711 1074 856 1145 quatuor
878 1053 1020 1124 millibus
1035 1057 1083 1126 le-

102 1146 347 1237 gionariortun,
372 1149 405 1208 et
419 1139 553 1222 delectis
569 1141 696 1210 auxiliis
717 1142 841 1225 missirs,
867 1145 951 1212 duos
970 1145 1084 1228 collis,

103 1258 186 1326 quos
201 1233 332 1304 barbari
348 1229 531 1299 insederant
544 1231 679 1316 (minori
696 1229 822 1314 Cadra,
845 1233 937 1303 alteri
951 1235 1085 1304 Davara

103 1347 226 1393 nornen
249 1319 309 1409 est)
332 1320 490 1414 operibus
512 1319 749 1403 circumdedit:
774 1341 807 1391 et
829 1345 1004 1414 erumpere
1026 1347 1083 1394 au-

101 1412 151 1482 sos
176 1411 297 1493 ferto,
319 1429 448 1478 ceteros
469 1405 518 1476 liti
549 1409 591 1478 ad
618 1411 826 1480 deditionem
850 1414 973 1504 coegit.
1032 1416 1082 1484 At

103 1503 291 1581 Tiridates,
314 1497 502 1568 volentibus
523 1500 668 1583 Parthis,
692 1499 937 1593 Nicephorium
958 1523 993 1571 et
1013 1506 1089 1581 Αη·ι

102 1589 314 1670 themusrada,
346 1585 534 1744 ceteraspue
555 1589 672 1670 urbes,
695 1613 779 1681 quae
795 1593 1035 1662 Macedonibus
1050 1589 1089 1659 sr-

104 1704 173 1762 tae,
197 1682 326 1749 Graeca
341 1680 502 1748 vocabua
519 1673 694 1770 usurpant,
718 1679 906 1771 Halumque
928 1701 963 1750 et
983 1686 1085 1750 Arte·
1133 1673 1145 1729 ¹·
1192 1702 1195 1710 ·

103 1775 227 1850 mitam,
252 1767 401 1838 Parthica
415 1767 552 1858 oppida,
575 1770 714 1859 recepit,
736 1771 934 1838 certantibus
948 1773 1084 1861 gaudi0,

105 1863 160 1954 qui
180 1861 397 1938 Artabanum,
421 1858 557 1944 Scythas
572 1858 658 1925 inter
672 1858 840 1940 erhuctum,
864 1861 909 1926 ob
923 1859 1087 1929 saevitiam
1154 1861 1157 1865 ’

105 1949 277 2028 exsecrati,
293 1971 390 2018 corne
404 1948 563 2018 Tiridatis
570 1947 756 2038 ingenium,
780 1953 944 2016 Romanas
958 1972 1020 2045 per
1034 1973 1086 2018 ar-

105 2055 163 2119 tes,
178 2038 362 2131 sperabant.
408 2037 587 2108 Plurimum
601 2035 795 2114 adulationis
811 2035 1017 2107 Seleucenses
1034 2040 1083 2108 iri-
1104 2073 1148 2138 4²

107 2131 221 2208 duere,
244 2129 361 2204 civitas
377 2149 510 2220 potens,
531 2124 619 2218 septa
635 2128 754 2207 muris,
775 2149 886 2219 neque
901 2124 907 2151 ¹
922 2129 956 2196 in
968 2119 1083 2197 barba·
1193 2131 1198 2141 “

107 2243 181 2286 rum
194 2239 365 2310 corrupta,
387 2215 444 2286 sed
458 2217 642 2285 conditoris
658 2215 785 2287 Seleuci
801 2218 955 2288 retinens.
1000 2220 1089 2287 Tre·

112 2308 211 2389 cenci,
232 2309 354 2402 opibus
375 2327 430 2377 aut
449 2303 603 2399 sapientia
623 2304 763 2389 delecti,
794 2328 832 2377 ut
846 2306 995 2380 senatus:
1034 2305 1089 2377 sua

110 2397 322 2491 populosis:
356 2417 409 2476 et,
431 2398 560 2489 quoties
584 2396 809 2467 concordesa
856 2420 902 2478 nt,
925 2396 1089 2489 spernitur
1187 2445 1190 2454 -

107 2489 262 2569 Parthus;
287 2488 346 2557 ubi
362 2484 543 2567 dissensere,
568 2485 648 2555 dum
667 2482 725 2573 sabi
748 2488 806 2579 qui
822 2507 1017 2577 quecontra
1032 2506 1087 2553 ae·

105 2578 211 2649 mulos
228 2576 405 2648 subsidium
417 2599 551 2655 vocant,
566 2577 688 2645 accitus
703 2576 738 2643 in
753 2598 892 2667 partem,
917 2572 1091 2645 adversum
1158 2628 1161 2638 .

106 2691 221 2739 omnes
245 2664 392 2738 valescit.
442 2666 482 2735 ld
504 2688 610 2758 nuper
632 2664 814 2743 acciderat,
843 2667 1012 2735 Artabano
1036 2685 1090 2731 re-

106 2780 237 2850 gnante,
263 2756 321 2851 qui
341 2756 474 2849 plebem
495 2754 697 2850 primoribus
720 2754 856 2822 tradidit
880 2759 923 2825 ex
940 2752 998 2838 suo
1019 2750 1091 2821 usu.

106 2872 184 2923 nam
198 2846 211 2874 ²
226 2844 348 2943 populi
367 2846 543 2941 imperium
564 2844 655 2923 iuxta
676 2842 881 2928 libertatem,
909 2864 1094 3001 paucpsmm

996 2952 1094 2999 oml-

143 3138 156 3179 t
187 3120 304 3175 Clitarum
330 3120 397 3169 nario
425 3116 588 3183 Cappadotian
621 3116 673 3169 eiua
687 3117 711 3169 in
725 3119 1012 3185 provinciamredaetnm.
1041 3118 1095 3171 Ne-

105 3194 224 3247 Artbelro
235 3190 371 3255 flateram]
409 3187 474 3237 M²¹¹=
505 3188 589 3247 W¹30u
621 3184 671 3237 scio
688 3202 778 3242 tamen,
796 3206 825 3238 an
838 3192 876 3240 hic
892 3192 1023 3241 Archelaus
1043 3186 1095 3235 eiu!

109 3264 227 3315 asom.
274 3258 350 3308 lidem
373 3254 468 3311 Clitas,
491 3252 589 3309 Cilices,
622 3254 685 3305 filius
703 3254 792 3305 suerit:
825 3258 881 3308 ideo
911 3260 1039 3321 Cappadox
1058 3250 1096 3304 di.

105 3347 160 3383 non
178 3323 336 3393 Cappadbces
360 3322 470 3372 dicuntur
495 3322 525 3370 ab
544 3336 590 3369 eo·
623 3336 685 3373 ctus.
713 3322 797 3381 Postea
818 3342 832 3377 a
851 3324 1095 3378 Picbenamonitum,

106 3404 170 3451 dem
180 3396 275 3447 Tacito
287 3396 350 3443 libro
366 3402 401 3451 η,
408 3406 445 3451 55.
465 3386 590 3439 Necmrltt
623 3387 750 3455 inscripto
766 3389 949 3442 ficetiamelse.
968 3385 1062 3452 biffus.
1118 3438 1124 3445 ,

99 3458 288 3531 possagrestr'um
301 3456 524 3515 Cilicrrmrrarioner,
539 3456 589 3517 qni·
658 3470 668 3507 1
693 3456 725 3505 In
746 3457 869 3508 sarbaram
892 3462 1028 3523 corrupta]
1051 3458 1096 3509 lnt.
1112 3510 1126 3524 ³

104 3536 152 3583 bar
166 3534 281 3587 Clirrrnm
294 3536 460 3590 cognomentum
474 3520 513 3583 all,
530 3525 590 3573 ldeo
624 3539 710 3575 tramea.
735 3540 763 3573 ut
781 3542 795 3572 e
812 3528 965 3591 sequentibus
983 3523 1093 3586 intelligi·

105 3602 150 3652 bit
165 3600 279 3662 legerim,
299 3596 412 3645 Clitarum
426 3594 508 3649 antio,
533 3592 592 3653 Cap—
625 3608 680 3649 tur,
699 3590 746 3639 five
762 3609 858 3643 morem:
878 3597 942 3660 quod
957 3594 1044 3646 malim,

104 3668 193 3735 pudori
206 3666 320 3717 Archelao
327 3662 442 3725 firbisttis.
474 3660 540 3713 Nam
548 3658 591 3707 Cl-
659 3658 771 3723 aPopulr'
787 3664 904 3725 imperium
917 3662 984 3714 iuxta
1002 3661 1099 3709 Iiberta·
1149 3689 1153 3700 ·

105 3736 165 3785 licia
182 3750 346 3796 cognomento
375 3727 502 3789 Trachea,
534 3740 591 3791 pro·
626 3731 698 3787 rem]
716 3728 732 3776 i.
749 3745 771 3785 e,
786 3746 871 3794 parum
890 3728 952 3778 abeli
971 3745 985 3779 a
1003 3728 1099 3778 liberta·

107 3804 179 3869 prior
207 3816 277 3864 reges
309 3796 392 3849 habuit
417 3796 447 3845 ad
478 3809 593 3859 tempora
627 3810 747 3859 te,„quae
763 3799 878 3847 contraria
894 3812 975 3857 regum
989 3798 1101 3846 domina·

107 3868 257 3935 Vespesani.
293 3870 359 3919 Cave
379 3860 592 3913 enimdemche-
628 3863 698 3913 rioni.
748 3865 856 3914 lmitatus
877 3864 909 3914 cll
929 3863 1039 3927 Thutyd.
1059 3864 1102 3917 lll,

109 3940 155 3987 lae
181 3938 310 4002 acceperis
367 3932 506 3994 ppadotum
527 3942 594 3990 μεθ’
630 3934 668 3983 62.
693 3930 756 3979 ubi⁴
777 3933 905 3993 oligarclria
935 3931 1023 3980 dicitur
1059 3928 1104 3978 elle

115 4004 161 4070 qui
174 4006 268 4067 pridem
291 4001 422 4073 mecauri,
448 4010 594 4061 &regnum
632 4000 753 4065 inurere
786 4002 890 4067 rupim.
926 4015 1000 4065 quern
1025 3997 1108 4045 locum

157 4072 223 4123 carn.
238 4073 291 4121 Tac.
311 4070 336 4119 T
333 4109 371 4145 n„
717 4068 764 4129 (ἐς
1027 4064 1109 4114 leudr-
1161 4144 1164 4150 Ι
1240 4129 1243 4136 ¹

773 4237 782 4266 Ι
